3000 5144
405 536 1010 613 Hrsroarnnuanrn.lI.
1116 560 1193 637 ro3

220 710 427 806 “perculsis
449 711 584 783 nullum
613 730 702 786 retro
726 710 911 785 subsidium
934 710 1022 785 soret
1038 712 1074 784 :’'
1102 712 1196 810 apud

218 853 348 926 paucos
376 853 417 902 ea
432 828 530 902 ducis
555 830 640 904 ratio
657 833 812 928 probata,
840 830 878 903 in
903 833 1030 929 vulgus
1054 829 1196 905 adverso

218 974 359 1024 rumore
375 948 450 1022 fuit.

268 1070 422 1142 XXVII.
447 1070 574 1142 Hnun
593 1069 734 1166 perinde
751 1069 788 1143 id
810 1071 979 1143 damnum
995 1069 1196 1145 Vitellianos

218 1188 255 1260 in
278 1209 414 1260 metum
444 1189 628 1284 compulit,
662 1190 770 1287 quam
794 1191 837 1261 ad
865 1188 1070 1262 modestiam
1098 1179 1201 1264 com·¹

218 1305 355 1403 posuit:
380 1331 444 1379 nec
461 1304 572 1379 solum
595 1309 689 1403 apud
713 1307 903 1396 Caecinam,
931 1307 992 1404 qui
1009 1315 1035 1349 “
1054 1309 1196 1404 culpam

217 1433 246 1470 “
264 1427 300 1498 in
318 1425 489 1499 rnilitem''
506 1422 717 1515 conserebat,
743 1435 769 1468 “
787 1408 1071 1524 seditioni'magis
1088 1427 1195 1523 quam

217 1552 246 1590 “
265 1546 388 1641 proelio
405 1566 561 1641 paratum
577 1547 613 1617 :'’
640 1545 738 1619 Fabii
757 1570 899 1643 quoque
914 1545 1066 1619 Valentis
1084 1546 1194 1644 copiae

218 1664 312 1764 (jam
330 1665 424 1738 enim
439 1664 607 1738 Ticinum
623 1666 781 1759 venerat)
807 1667 917 1761 posito
943 1664 1093 1738 hostium
1108 1691 1194 1740 con.
1297 1757 1299 1762 A

216 1801 370 1881 temptu,
396 1788 430 1856 &
447 1782 668 1881 recuperandi
685 1784 818 1856 decoris
836 1782 1013 1879 cupidine,
1035 1809 1193 1858 reveren·

216 1902 282 1976 tius
311 1907 345 1976 a
370 1903 537 2001 aequalibs
560 1901 642 1976 duci
661 1903 840 1999 parebant.
888 1903 1012 1976 Gravis
1039 1904 1194 2002 alioquin

214 2021 335 2097 seditio
350 2023 532 2112 exarserat,
556 2047 662 2119 quam
679 2021 799 2094 altiore
814 2019 914 2093 initio
943 2024 1075 2120 (neque
1097 2025 1193 2099 enim

214 2166 331 2218 rerum
367 2168 389 2215 a
422 2141 561 2214 Caecind
592 2140 765 2239 gestarum
800 2141 960 2217 ordinem
990 2141 1193 2242 interrumpi

213 2263 430 2360 oportuerat)
456 2279 621 2358 repetam.
670 2262 838 2334 Cohortes
860 2264 1084 2354 Batavorum,
1107 2289 1193 2362 quas

213 2383 307 2456 bello
333 2380 485 2455 Neronis
513 2405 534 2452 a
562 2380 815 2478 quartadecimal
847 2381 983 2479 legione
1014 2383 1192 2481 digressas,

215 2502 297 2576 clun
333 2499 542 2575 Britanniam
570 2521 740 2597 peterent,
773 2499 893 2573 audito
921 2502 1052 2575 Vitellii
1077 2524 1190 2595 motu,

214 2620 250 2694 in
267 2620 407 2694 civitate
423 2620 629 2717 Lingonum
655 2619 762 2693 Fabio
779 2620 918 2692 Valenti
941 2620 1116 2717 adjunctas
1137 2649 1190 2697 re·

214 2740 371 2831 tulimus,
412 2738 557 2837 superbe
584 2741 748 2836 agebant,
782 2759 820 2811 ut
848 2736 1011 2837 cujusque
1044 2742 1191 2840 legionis

212 2861 355 2933 tentoria
370 2861 587 2948 acceffiffent,
606 2866 634 2902 “
652 2857 821 2932 coercitos
838 2856 901 2930 ase
918 2861 1190 2955 quartadecima-

213 2987 241 3025 “
258 3006 335 3070 nos,
348 2981 498 3053 ablatam
515 2977 648 3051 Neroni
663 2978 812 3067 ltaliam,
829 3000 934 3074 atque
950 3004 1092 3052 omnem
1111 2980 1191 3055 belli

215 3098 439 3173 “fortunam
474 3098 511 3170 in
539 3097 690 3195 ipsorum
721 3124 826 3171 manu
858 3098 994 3186 sitam,''
1014 3095 1190 3195 jactantes.

214 3218 515 3293 Contumeliosum
530 3217 565 3291 id
583 3217 764 3307 militibus,
788 3220 951 3291 acerbum
976 3217 1080 3291 duci:
1113 3245 1190 3292 cor·

213 3359 315 3435 rupta
335 3336 461 3436 jurgiis
483 3356 543 3411 aut
567 3338 649 3411 rixis
672 3337 876 3434 disciplina:
907 3338 951 3409 ad
975 3337 1189 3433 postremum

213 3461 342 3532 Valens
361 3484 380 3531 e
399 3457 585 3555 petulantis
602 3458 706 3530 etiam
724 3455 905 3553 perfidiam
922 3452 1146 3551 susperflabat.

258 3580 432 3652 XXVIII.
458 3581 598 3652 lorrun
617 3575 738 3650 nuntio
754 3577 883 3667 adlato,
903 3582 932 3617 “
951 3572 1084 3671 pulsam
1100 3578 1189 3650 Tre·

213 3703 422 3772 “verorum
446 3699 537 3771 alam
552 3695 783 3795 Tungrosque
806 3721 827 3768 a
844 3697 943 3768 classe
963 3694 1126 3784 Othonis,
1153 3700 1188 3770 ὅτ

212 3815 522 3893 “Narbonensem
554 3819 704 3893 Galliam
728 3815 899 3889 circumiri
915 3816 952 3899 ;’'
982 3815 1079 3887 simul
1107 3817 1188 3893 cura

209 3933 316 4025 socios
343 3935 479 4030 tuendi,
502 3941 534 4015 δι
557 3935 696 4012 militari
721 3936 807 4030 astu,
834 3936 992 4011 cohortes
1019 3934 1186 4031 turbidas

637 4055 729 4150 H4
