3000 5144
262 486 335 568 234
448 463 491 541 C.
531 464 795 541 Connrrtt
836 464 1034 543 Tserrr

264 641 317 714 nis
345 643 503 737 preerat)
539 640 712 739 “egredi
743 641 905 743 adversus
937 634 1097 714 hostem’'
1124 632 1237 736 juben

260 754 442 854 Lupercus
458 759 665 856 legionarios
681 785 701 833 e
717 755 949 856 presentibus,
967 758 1081 832 Ubios
1098 782 1118 831 e
1132 780 1237 853 prox·

259 877 352 966 imis,
388 878 624 950 Treveromm
651 877 783 974 equites
818 880 913 951 haud
945 878 1050 976 longe
1082 894 1237 974 agentes,

259 996 385 1093 raptim
401 995 595 1085 transmisit,
621 996 739 1068 additd
754 999 961 1069 Batavontm
976 997 1043 1084 alst,
1070 1021 1149 1092 quae
1160 992 1238 1090 jam

261 1114 397 1211 pridem
413 1134 587 1210 corrupta,
613 1115 721 1186 fidem
739 1116 931 1206 simulabat,
961 1133 1014 1203 ut,
1043 1112 1186 1211 proditis
1203 1112 1239 1185 in

261 1232 336 1330 ipsd
353 1232 425 1306 acie
443 1233 628 1322 Romanis,
655 1230 785 1328 majore
813 1232 923 1330 pretio
940 1230 1088 1330 sugeret.
1139 1230 1238 1303 Civi-

259 1349 317 1440 lis,
346 1368 527 1445 captarum
555 1350 753 1423 cohortium
786 1351 889 1448 signis
917 1350 1166 1438 circumdatus,
1198 1366 1240 1421 ut

261 1468 323 1541 suo
339 1467 442 1542 militi
464 1493 580 1541 recens
597 1467 705 1565 gloria
720 1487 798 1541 ante
815 1469 949 1557 oculos,
976 1473 1010 1542 &
1034 1468 1148 1541 hostes
1163 1490 1237 1541 me·

263 1586 373 1659 morid
390 1586 496 1659 cladis
511 1606 735 1672 tenetentum
758 1606 905 1659 matrem
917 1585 1011 1659 suam
1027 1582 1237 1682 sororesque,

263 1706 365 1779 simul
392 1704 552 1777 omnium
576 1703 741 1802 conjuges
769 1704 961 1802 parvosque
987 1703 1129 1794 liberos,
1155 1728 1240 1778 con·

264 1821 373 1894 sistere
400 1846 421 1894 a
447 1841 547 1920 tergo
572 1822 699 1921 jubet;
733 1824 949 1895 hortamenta
979 1821 1143 1911 vidente,
1180 1822 1238 1895 vel

265 1943 368 2036 pulsis
392 1941 574 2037 pudorem.
620 1943 675 2014 Ut
694 1940 850 2014 virorum
875 1961 991 2031 cantu,
1023 1939 1240 2015 ‘feminarum

264 2059 412 2147 ululatu,
437 2055 548 2130 sonuit
572 2058 685 2132 acies:
716 2084 937 2157 nequaquam
954 2084 1017 2156 par
1043 2085 1065 2132 a
1093 2058 1238 2158 legioni·

266 2178 345 2263 bus,
371 2176 637 2274 cohortibusque
664 2178 818 2251 redditur
847 2180 987 2252 clamor.
1034 2180 1242 2253 Nudavetat

63 2350 66 2355 .
116 2370 120 2375 ,
267 2292 433 2366 finistrum
460 2318 568 2365 cornu
590 2285 801 2368 Battivorum
829 2297 883 2370 ala
906 2294 1148 2395 transfugiens,
1175 2297 1242 2370 sto·

264 2409 399 2506 timque
415 2410 451 2482 in
463 2436 526 2484 nos
543 2412 638 2485 versa
655 2440 663 2484 ε
690 2413 748 2487 sed
766 2414 970 2512 legionarius
986 2414 1098 2505 miles,
1117 2440 1240 2511 quam·

268 2553 376 2624 quam
400 2532 501 2602 rebus
523 2530 678 2627 trepidis,
704 2554 801 2605 arma
828 2531 1031 2629 ordinesque
1059 2532 1240 2608 retinebat.

267 2648 444 2721 Ubiorum
460 2650 762 2747 Trevemrumque
777 2651 918 2743 auxilia,
950 2652 1045 2726 foedt
1065 2651 1149 2750 sugd
1171 2650 1241 2725 dis·

269 2767 375 2866 persa,
399 2768 480 2842 totis
495 2768 625 2866 campis
643 2771 810 2866 palantur.
849 2771 936 2843 Illuc
953 2770 1142 2843 incubuere
1151 2770 1241 2843 Ger·

269 2886 376 2961 mani.
427 2889 473 2959 Et
507 2884 572 2958 fuit
603 2887 739 2960 interim
770 2888 939 2986 effugium
977 2888 1173 2986 legionibus
1205 2887 1243 2962 in

269 3008 389 3094 castra,
415 3006 540 3101 quibus
560 3005 700 3077 Veterum
725 3032 853 3078 nomen
870 3007 929 3079 est.
977 3007 1160 3080 Praesedus
1176 3009 1242 3080 alae

268 3128 492 3211 Batavorum,
517 3125 683 3196 Claudius
701 3127 836 3213 Labe0,
863 3125 1039 3222 oppidano
1057 3125 1241 3200 certamine

269 3245 416 3316 aemulus
440 3241 557 3331 Civili,
585 3266 628 3314 ne
655 3241 850 3315 interfectus
865 3241 1033 3317 invidiam
1055 3244 1149 3339 apud
1174 3269 1240 3340 po-

271 3363 417 3456 pulares,
442 3361 498 3432 vel
525 3364 547 3431 fi
574 3360 787 3449 retineretur,
814 3360 941 3433 semina
957 3360 1136 3435 discordiae
1153 3388 1241 3459 prae-

271 3482 381 3568 beret,
408 3478 444 3549 in
463 3479 585 3551 Frisios
600 3479 769 3551 avehitur.

319 3599 424 3670 xlx.
450 3598 586 3670 lisonu
613 3599 748 3686 diebus,
779 3600 984 3671 Batavorum
1007 3604 1041 3671 br
1066 3599 1240 3673 Cannine-

271 3714 393 3787 fatium
409 3717 579 3806 cohortes,
598 3718 679 3789 com
694 3715 786 3811 jussu
801 3717 930 3789 Vitellii
947 3716 982 3788 in
1001 3720 1138 3790 Urbem
1164 3742 1240 3813 per·

273 3852 405 3929 gerent,
423 3832 577 3908 missusa
599 3834 710 3907 Civile
733 3835 871 3908 nuntius
887 3835 1093 3932 adsequitur.
1143 3838 1240 3908 Intu-
