3000 5144
265 510 333 603 308
486 507 528 578 C.
567 506 811 578 Connaart
839 503 1019 579 Trcm

308 678 495 750 LXXVII.
522 681 668 751 Manui
700 679 787 752 acies
816 677 920 752 Ubiis
947 674 1248 775 Lingonibusque

263 798 363 868 data:
390 799 516 867 dextro
539 822 647 868 cornu
669 799 825 869 cohortes
847 800 1082 881 Batavorum3
1112 796 1250 869 sinistro

262 915 416 987 Brusleri
435 915 684 1010 Tenslerique:
714 941 792 1011 pars
817 916 991 988 montibus
1005 945 1016 1000 ;
1046 915 1120 1004 alii,
1146 915 1248 987 viam

262 1034 349 1106 inter
360 1033 613 1129 Mosellamque
625 1037 768 1119 flumen,
782 1054 852 1106 tam
870 1033 1044 1130 improvisi
1061 1035 1246 1120 adfiluere‚

262 1174 301 1224 ut
318 1153 352 1222 in
372 1153 532 1225 cubiculo
549 1178 587 1225 ac
605 1153 730 1224 ledulo
742 1152 882 1225 Cerialis
897 1159 1030 1249 (neque
1046 1153 1139 1224 enim
1158 1177 1245 1223 noc-

264 1291 336 1343 tem
360 1271 395 1342 in
412 1271 525 1344 castris
542 1273 674 1367 egerat)
691 1270 836 1368 pugnari
854 1273 967 1358 simul,
984 1269 1148 1366 vincique
1165 1267 1245 1341 suos

263 1389 423 1478 audierit,
451 1389 628 1485 increpans
653 1415 817 1485 pavorem
846 1389 1093 1474 nuntiantium,
1123 1388 1243 1459 donec

263 1507 419 1579 universa
437 1508 549 1578 clades
567 1507 603 1578 in
620 1507 726 1579 oeulis
744 1505 819 1578 fnit.
870 1509 1035 1602 Permpta
1058 1504 1242 1602 legionum

263 1626 380 1713 castra,
400 1624 459 1696 susi
478 1625 630 1721 equites:
659 1624 793 1696 medius
809 1625 964 1697 Mosellae
981 1650 1082 1720 pons,
1108 1624 1169 1720 qui
1185 1624 1240 1695 ul·

262 1746 385 1819 teriora
402 1744 546 1816 coloniae
560 1743 723 1831 adnedll,
739 1746 783 1814 ab
800 1743 952 1814 hostibus
971 1741 1117 1815 inseffus.
1169 1743 1238 1814 Ce-

263 1863 368 1951 rialis,
393 1860 536 1933 turbidis
552 1866 652 1934 rebus
669 1857 868 1957 intrepidus,
889 1867 921 1934 &
944 1861 1114 1958 fugientes
1129 1886 1239 1932 manu

264 1984 450 2069 retrahens,
470 1980 596 2052 irrtedlo
618 2005 758 2075 corpore
775 2000 955 2076 promptus
979 1981 1064 2052 inter
1080 1980 1161 2066 tela,
1187 1979 1237 2051 se·

263 2102 320 2174 lici
335 2099 538 2188 temeritate,
558 2105 591 2171 &
608 2099 774 2172 fortissimi
796 2098 959 2195 cujusque
974 2098 1130 2185 adcursu,
1151 2099 1236 2171 reci·

264 2240 422 2315 peratum
442 2240 583 2313 pontem
611 2220 716 2290 eled&
742 2244 846 2290 manu
872 2217 1035 2289 firmavit.
1085 2220 1179 2289 Mox
1200 2216 1237 2288 in

261 2337 367 2410 castra
391 2335 553 2424 reversus,
573 2337 723 2430 palantes
740 2357 915 2432 captarum
930 2337 1025 2432 apud
1043 2338 1236 2411 Novefium

262 2458 487 2549 Bonnamque
503 2455 681 2552 legionum
708 2455 916 2550 manipulos,
944 2460 976 2526 u
999 2480 1117 2527 rarum
1141 2455 1236 2551 apud

262 2577 356 2670 figna
374 2571 533 2661 militem,
563 2599 602 2645 ac
627 2574 733 2670 prope
757 2573 1007 2647 circumventas
1030 2574 1161 2669 aquilas
1180 2573 1234 2645 vi-

261 2695 333 2766 det.
407 2691 565 2764 Incensus
597 2681 669 2779 ira,
703 2700 828 2765 “non
858 2694 1065 2781 Flaccum,”
1105 2691 1234 2788 inquit,

262 2820 381 2884 “non
414 2813 585 2882 Voculam
607 2810 769 2883 deseritis.
833 2812 941 2883 Nulla
967 2812 1027 2884 hic
1059 2810 1231 2906 proditio:

260 2940 288 2981 “
307 2957 419 3028 neque
450 2929 543 3001 aliud
578 2927 810 3001 excusandum
839 2932 965 3017 haben,
993 2930 1100 3026 quam
1135 2929 1236 3027 quod

262 3060 289 3100 “
308 3078 369 3123 vos
387 3048 512 3122 Gallici
529 3047 666 3119 soederis
688 3048 811 3119 oblitos
830 3049 1068 3143 praedixerim:
1097 3074 1235 3121 memo·

262 3170 394 3241 “riam
413 3168 564 3240 Romani
590 3166 784 3238 sacramenti
810 3189 937 3240 temere
961 3167 1104 3240 credidi.
1155 3169 1235 3240 Ad-

260 3297 288 3341 “
308 3286 687 3360 numeraborNumisiis
707 3290 739 3357 ὃς
759 3287 962 3374 Herenniis,
987 3308 1024 3358 ut
1045 3314 1167 3360 omnes
1184 3290 1235 3362 le-

260 3417 287 3457 “
307 3409 376 3505 gati
405 3407 519 3496 vestri,
548 3426 606 3477 aut
632 3404 782 3477 militum
810 3407 981 3494 manibus,
1006 3426 1065 3478 aut
1083 3407 1235 3480 hostium

259 3536 287 3571 ‘⁶
305 3527 500 3600 ceciderint.
550 3528 613 3612 Ite,
633 3524 787 3596 nuntiate
805 3524 1019 3620 Vespafiano,
1045 3528 1115 3615 vel,
1135 3527 1235 3622 quod

259 3655 286 3690 “
306 3646 448 3741 propius
464 3647 524 3733 est,
545 3644 649 3717 Civili
674 3649 706 3716 ὃς
724 3646 881 3732 Classen,
901 3645 1058 3716 relidam
1086 3671 1107 3716 a
1128 3644 1234 3717 vobis

257 3774 284 3815 “
303 3766 337 3836 in
354 3765 425 3836 acie
438 3766 581 3835 ducem:
603 3763 740 3834 venient
758 3763 921 3859 legiones,
942 3790 1020 3859 quae
1039 3787 1154 3858 neque
1173 3788 1234 3848 me

258 3889 286 3938 tt
304 3883 467 3972 inultum,
488 3907 600 3983 neque
615 3908 677 3956 vos
694 3881 882 3978 impunitos
899 3881 1108 3983 patiantur.”
