3000 5144
385 531 635 614 Drntoaus
674 560 733 615 na
770 537 1098 617 Ouaroarrus.
1185 564 1232 642 ³9

262 714 320 785 vel
336 714 535 804 hominum,
554 717 610 788 vel
627 733 840 811 temporum,
868 711 943 787 satis
963 739 1076 810 operae
1092 708 1232 785 insumi·

261 851 339 906 tur:
365 831 422 906 sed
440 852 662 930 expetuntur,
689 858 776 929 quos
794 835 946 904 rhetoras
963 851 1113 905 vocant:
1141 853 1230 926 quo·

175 994 177 998 ·
261 975 340 1024 rum
359 950 513 1047 proseffio
530 953 672 1049 quando
690 951 841 1048 primum
858 950 894 1022 in
912 953 999 1023 hanc
1021 950 1158 1022 Urbem
1177 946 1230 1019 in·

260 1071 418 1142 troduda
432 1075 483 1160 fit,
501 1097 678 1168 quamque
695 1072 825 1144 nullam
835 1071 927 1166 apud
944 1067 1086 1164 majores
1101 1065 1233 1138 nostros

261 1189 498 1262 audoritatem
517 1191 686 1279 habuerit,
714 1190 825 1262 statim
843 1191 1002 1261 docuero.

311 1308 434 1380 XXX.
460 1312 660 1381 Rufinam
689 1312 819 1382 necesse
840 1307 889 1381 est
913 1307 1069 1379 animum
1090 1305 1134 1377 ad
1158 1327 1235 1377 eam

261 1423 491 1522 disciplinam,
520 1430 588 1525 qual
605 1428 681 1501 usos
698 1431 764 1501 effe
780 1454 838 1500 eos
856 1449 1006 1499 oratores
1022 1421 1233 1520 accepimus,

262 1569 413 1641 quorum
439 1545 592 1618 infinitus
620 1548 731 1636 labor,
756 1552 789 1620 δι
814 1545 1018 1643 quotidiana
1039 1541 1232 1632 meditatio,

262 1665 297 1734 ἃ
315 1662 353 1734 in
378 1663 476 1737 omni
495 1690 619 1763 genere
637 1666 825 1739 studiorum
850 1663 1120 1752 exercitationes,
1144 1658 1233 1758 ipso·

262 1805 340 1854 rum
370 1782 474 1855 etiam
506 1784 724 1857 continentur
753 1785 857 1859 libris.
910 1787 1027 1857 Notus
1055 1781 1103 1857 est
1135 1778 1235 1854 nobis
1349 1770 1352 1775 ¹

261 1898 383 1997 utique
409 1900 584 1974 Ciceronis
605 1903 705 1993 liber,
731 1903 790 2001 qui
817 1906 942 1976 Brutus
968 1900 1170 1988 inscribitur,
1196 1898 1235 1971 in

262 2016 358 2116 cujus
375 2022 527 2093 extrema
551 2041 660 2116 parte,
687 2024 788 2117 (nam
814 2021 910 2118 prior
934 2018 1235 2095 commemoratio·

262 2163 344 2210 nem
357 2159 513 2212 veterum
532 2162 707 2214 oratorum
719 2143 842 2236 habet)
868 2138 924 2213 sua
935 2139 1046 2227 initia,
1062 2135 1139 2211 suos
1156 2161 1235 2235 gra·

262 2259 342 2348 dus,
370 2257 437 2331 suae
453 2259 661 2355 eloquentiae
683 2262 777 2333 velut
792 2261 979 2357 quamdam
996 2255 1238 2331 educationem

262 2377 390 2450 refert:
420 2375 454 2449 se
475 2380 569 2475 apud
597 2379 828 2476 QMucium
845 2377 903 2476 jus
928 2377 1030 2451 civile
1054 2375 1234 2462 didicisse3

260 2496 355 2592 apud
382 2495 566 2568 Philonem
601 2498 870 2585 Academicum,
911 2498 1005 2593 apud
1040 2496 1237 2570 Diodotum

262 2613 416 2687 Stoicum
449 2640 570 2688 omnes
594 2614 814 2711 philosophiae
844 2637 956 2712 partes
984 2615 1118 2711 penitus
1150 2617 1237 2688 hau·

262 2734 358 2805 sisse:
398 2758 511 2831 neque
538 2733 591 2805 his
616 2734 817 2807 dostoribus
843 2753 1058 2820 contentum,
1088 2758 1238 2830 quorum
1301 2776 1306 2783 ·

263 2851 294 2924 ei
315 2851 414 2948 copia
441 2851 476 2924 in
500 2854 601 2925 Urbe
626 2851 831 2949 contigerat,
854 2851 1025 2925 Achaiam
1044 2874 1184 2948 quoque
1202 2855 1237 2925 &

263 2973 382 3045 Afiam
396 2973 598 3069 peragrasse,
617 2990 655 3044 ut
673 2993 816 3042 omnem
837 2967 995 3041 omnium
1010 2969 1134 3041 artium
1147 2967 1237 3040 vari·

263 3112 389 3163 etatem
418 3092 714 3187 complesleretur.
764 3091 886 3186 ltaque
912 3087 1052 3161 hercule
1079 3087 1115 3160 in
1142 3088 1237 3162 libris

263 3208 436 3283 Ciceronis
452 3211 711 3306 deprehendere
726 3207 820 3298 licet,
840 3232 909 3280 nou
927 3207 1140 3304 geometriae,
1165 3233 1237 3279 non

264 3332 413 3418 musrcae,
456 3354 527 3400 non
558 3327 805 3427 grammaticae,
844 3353 916 3399 non
947 3325 1098 3424 denique
1135 3325 1238 3400 ullius

263 3444 424 3540 ingenuae
440 3446 522 3519 artis
538 3445 712 3520 scientiam
738 3445 769 3518 ei
785 3445 938 3518 defuisse.
976 3446 1038 3516 llle
1050 3444 1238 3519 dialedicae

263 3561 500 3654 subtilitatem,
527 3564 583 3637 ille
600 3565 740 3638 moralis
758 3564 860 3662 partis
881 3563 1077 3652 utilitatem,
1103 3563 1160 3638 ille
1185 3590 1238 3639 re·

263 3707 345 3755 rum
362 3702 477 3754 motus
492 3682 672 3780 causasque
693 3670 884 3782 cognoirit:
912 3681 959 3754 ita
975 3681 1070 3755 enim
1085 3683 1147 3773 est,
1173 3711 1239 3781 op·

264 3801 341 3878 timi
359 3800 437 3890 viri,
462 3799 509 3873 ita
523 3825 568 3872 ex
579 3803 687 3873 multas
704 3800 909 3891 eruditione,
928 3826 972 3875 ex
990 3799 1147 3898 pluribus
1158 3803 1237 3875 arti·

265 3922 343 4013 bus,
369 3919 406 3992 ἃ
423 3917 584 3994 omnium
603 3943 719 3993 rerum
746 3919 896 4010 scientia,
920 3920 1127 3995 exundat&
1153 3946 1239 3998 exu-

722 4039 808 4131 1>4
