<?xml version="1.0" encoding="UTF-8"?>
<!DOCTYPE html PUBLIC "-//W3C//DTD XHTML 1.0 Transitional//EN"
    "http://www.w3.org/TR/xhtml1/DTD/xhtml1-transitional.dtd">
<html xmlns="http://www.w3.org/1999/xhtml" xml:lang="en" lang="en">
 <head>
  <title>
</title>
<meta http-equiv="Content-Type" content="text/html;charset=utf-8" />
  <meta name='ocr-system' content='tesseract 3.04.00' />
  <meta name='ocr-capabilities' content='ocr_page ocr_carea ocr_par ocr_line ocrx_word'/>
</head>
<body>
  <div class='ocr_page' id='page_1' title='image "./ccorneliitaciti02ernegoog_0268.png"; bbox 0 0 3000 5144; ppageno 0'>
   <div class='ocr_carea' id='block_1_1' title="bbox 452 625 1250 702">
    <p class='ocr_par' dir='ltr' id='par_1_1' title="bbox 452 625 1250 702">
     <span class='ocr_line' id='line_1_1' title="bbox 452 625 1250 702; baseline 0.008 -6"><span class='ocrx_word' id='word_1_1' title='bbox 452 625 850 699; x_wconf 79' lang='lat' dir='ltr'>Hrsronrnnunr</span> <span class='ocrx_word' id='word_1_2' title='bbox 886 628 1085 700; x_wconf 82' lang='lat' dir='ltr'>L1a.lV.</span> <span class='ocrx_word' id='word_1_3' title='bbox 1185 633 1250 702; x_wconf 87' lang='lat'>261</span> 
     </span>
    </p>
   </div>
   <div class='ocr_carea' id='block_1_2' title="bbox 260 791 1253 3974">
    <p class='ocr_par' dir='ltr' id='par_1_2' title="bbox 273 791 1253 1243">
     <span class='ocr_line' id='line_1_2' title="bbox 276 791 1253 897; baseline 0.009 -33"><span class='ocrx_word' id='word_1_4' title='bbox 276 791 380 889; x_wconf 85' lang='lat' dir='ltr'>juffit.</span> <span class='ocrx_word' id='word_1_5' title='bbox 446 797 492 866; x_wconf 91' lang='lat' dir='ltr'>Et</span> <span class='ocrx_word' id='word_1_6' title='bbox 524 798 608 869; x_wconf 90' lang='lat' dir='ltr'>dum</span> <span class='ocrx_word' id='word_1_7' title='bbox 642 800 723 871; x_wconf 87' lang='lat' dir='ltr'>mali</span> <span class='ocrx_word' id='word_1_8' title='bbox 759 823 895 896; x_wconf 88' lang='lat' dir='ltr'>pavent,</span> <span class='ocrx_word' id='word_1_9' title='bbox 930 800 1081 896; x_wconf 89' lang='lat' dir='ltr'>optimus</span> <span class='ocrx_word' id='word_1_10' title='bbox 1110 799 1253 897; x_wconf 81' lang='lat' dir='ltr'>quisque</span> 
     </span>
     <span class='ocr_line' id='line_1_3' title="bbox 273 911 1252 1008; baseline 0.007 -25"><span class='ocrx_word' id='word_1_11' title='bbox 273 911 368 1008; x_wconf 86' lang='lat' dir='ltr'>juffis</span> <span class='ocrx_word' id='word_1_12' title='bbox 396 916 548 1007; x_wconf 68' lang='lat' dir='ltr'>paruere.</span> <span class='ocrx_word' id='word_1_13' title='bbox 610 917 704 988; x_wconf 84' lang='lat' dir='ltr'>Exin</span> <span class='ocrx_word' id='word_1_14' title='bbox 736 919 897 991; x_wconf 87' lang='lat' dir='ltr'>consensu</span> <span class='ocrx_word' id='word_1_15' title='bbox 931 927 958 960; x_wconf 87' lang='lat'><strong>“</strong></span> <span class='ocrx_word' id='word_1_16' title='bbox 976 919 1102 989; x_wconf 90' lang='lat' dir='ltr'>ducem</span> <span class='ocrx_word' id='word_1_17' title='bbox 1135 920 1252 990; x_wconf 92' lang='lat' dir='ltr'>Vocu-</span> 
     </span>
     <span class='ocr_line' id='line_1_4' title="bbox 279 1030 1251 1127; baseline 0.007 -27"><span class='ocrx_word' id='word_1_18' title='bbox 279 1037 306 1072; x_wconf 89' lang='lat'><strong>“</strong></span> <span class='ocrx_word' id='word_1_19' title='bbox 324 1032 420 1102; x_wconf 87' lang='lat' dir='ltr'>lam”</span> <span class='ocrx_word' id='word_1_20' title='bbox 444 1030 675 1127; x_wconf 84' lang='lat' dir='ltr'>poscentibus,</span> <span class='ocrx_word' id='word_1_21' title='bbox 706 1037 850 1107; x_wconf 84' lang='lat' dir='ltr'><strong>Flaccus</strong></span> <span class='ocrx_word' id='word_1_22' title='bbox 880 1034 1051 1108; x_wconf 87' lang='lat' dir='ltr'>summam</span> <span class='ocrx_word' id='word_1_23' title='bbox 1077 1060 1190 1107; x_wconf 90' lang='lat' dir='ltr'>rerum</span> <span class='ocrx_word' id='word_1_24' title='bbox 1219 1035 1251 1107; x_wconf 92' lang='lat' dir='ltr'>ei</span> 
     </span>
     <span class='ocr_line' id='line_1_5' title="bbox 280 1148 440 1243; baseline 0 -23"><span class='ocrx_word' id='word_1_25' title='bbox 280 1148 440 1243; x_wconf 75' lang='lat' dir='ltr'>permisit.</span> 
     </span>
    </p>

    <p class='ocr_par' dir='ltr' id='par_1_3' title="bbox 261 1270 1248 3735">
     <span class='ocr_line' id='line_1_6' title="bbox 325 1270 1248 1345; baseline 0.007 -6"><span class='ocrx_word' id='word_1_26' title='bbox 325 1270 461 1340; x_wconf 89' lang='lat' dir='ltr'>XXVl.</span> <span class='ocrx_word' id='word_1_27' title='bbox 504 1273 577 1342; x_wconf 74' lang='lat' dir='ltr'>San</span> <span class='ocrx_word' id='word_1_28' title='bbox 620 1270 789 1343; x_wconf 84' lang='lat' dir='ltr'>discordes</span> <span class='ocrx_word' id='word_1_29' title='bbox 821 1273 954 1343; x_wconf 89' lang='lat' dir='ltr'>animos</span> <span class='ocrx_word' id='word_1_30' title='bbox 988 1273 1096 1343; x_wconf 92' lang='lat' dir='ltr'>multa</span> <span class='ocrx_word' id='word_1_31' title='bbox 1129 1272 1248 1345; x_wconf 86' lang='lat' dir='ltr'>effera·</span> 
     </span>
     <span class='ocr_line' id='line_1_7' title="bbox 277 1387 1248 1485; baseline 0.005 -28"><span class='ocrx_word' id='word_1_32' title='bbox 277 1387 383 1458; x_wconf 89' lang='lat' dir='ltr'>bant:</span> <span class='ocrx_word' id='word_1_33' title='bbox 413 1387 530 1483; x_wconf 89' lang='lat' dir='ltr'>inopia</span> <span class='ocrx_word' id='word_1_34' title='bbox 554 1388 711 1483; x_wconf 89' lang='lat' dir='ltr'>stipendii</span> <span class='ocrx_word' id='word_1_35' title='bbox 733 1387 982 1485; x_wconf 84' lang='lat' dir='ltr'>frumentique,</span> <span class='ocrx_word' id='word_1_36' title='bbox 1009 1395 1042 1461; x_wconf 73' lang='grc' dir='ltr'>ἃ</span> <span class='ocrx_word' id='word_1_37' title='bbox 1067 1392 1164 1462; x_wconf 88' lang='lat' dir='ltr'>fimul</span> <span class='ocrx_word' id='word_1_38' title='bbox 1188 1392 1248 1463; x_wconf 92' lang='lat' dir='ltr'>de-</span> 
     </span>
     <span class='ocr_line' id='line_1_8' title="bbox 275 1504 1248 1602; baseline 0.006 -28"><span class='ocrx_word' id='word_1_39' title='bbox 275 1505 403 1576; x_wconf 70' lang='lat' dir='ltr'>leelum</span> <span class='ocrx_word' id='word_1_40' title='bbox 416 1504 610 1602; x_wconf 89' lang='lat' dir='ltr'>tributaque</span> <span class='ocrx_word' id='word_1_41' title='bbox 627 1507 748 1579; x_wconf 87' lang='lat' dir='ltr'>Galliae</span> <span class='ocrx_word' id='word_1_42' title='bbox 765 1507 996 1602; x_wconf 83' lang='lat' dir='ltr'>aspernantes:</span> <span class='ocrx_word' id='word_1_43' title='bbox 1021 1511 1178 1596; x_wconf 86' lang='lat' dir='ltr'>Rhenus,</span> <span class='ocrx_word' id='word_1_44' title='bbox 1196 1509 1248 1580; x_wconf 92' lang='lat' dir='ltr'>in·</span> 
     </span>
     <span class='ocr_line' id='line_1_9' title="bbox 275 1623 1244 1722; baseline 0.005 -29"><span class='ocrx_word' id='word_1_45' title='bbox 275 1623 416 1719; x_wconf 70' lang='lat' dir='ltr'>cognita</span> <span class='ocrx_word' id='word_1_46' title='bbox 450 1624 497 1694; x_wconf 92' lang='lat' dir='ltr'>illi</span> <span class='ocrx_word' id='word_1_47' title='bbox 524 1626 609 1696; x_wconf 88' lang='lat' dir='ltr'>caelo</span> <span class='ocrx_word' id='word_1_48' title='bbox 636 1625 796 1713; x_wconf 79' lang='lat' dir='ltr'>siccitate,</span> <span class='ocrx_word' id='word_1_49' title='bbox 828 1626 889 1696; x_wconf 85' lang='lat' dir='ltr'>vix</span> <span class='ocrx_word' id='word_1_50' title='bbox 918 1626 1059 1698; x_wconf 86' lang='lat' dir='ltr'>navium</span> <span class='ocrx_word' id='word_1_51' title='bbox 1088 1626 1244 1722; x_wconf 89' lang='lat' dir='ltr'>patiens:</span> 
     </span>
     <span class='ocr_line' id='line_1_10' title="bbox 273 1742 1247 1840; baseline 0.003 -27"><span class='ocrx_word' id='word_1_52' title='bbox 273 1742 355 1813; x_wconf 70' lang='lat' dir='ltr'>areli</span> <span class='ocrx_word' id='word_1_53' title='bbox 373 1763 611 1814; x_wconf 87' lang='lat' dir='ltr'>commeatus:</span> <span class='ocrx_word' id='word_1_54' title='bbox 632 1742 797 1838; x_wconf 83' lang='lat' dir='ltr'>dispofitae</span> <span class='ocrx_word' id='word_1_55' title='bbox 816 1769 877 1840; x_wconf 91' lang='lat' dir='ltr'>per</span> <span class='ocrx_word' id='word_1_56' title='bbox 893 1769 1035 1816; x_wconf 92' lang='lat' dir='ltr'>omnem</span> <span class='ocrx_word' id='word_1_57' title='bbox 1053 1743 1165 1839; x_wconf 86' lang='lat' dir='ltr'>ripam</span> <span class='ocrx_word' id='word_1_58' title='bbox 1181 1745 1247 1816; x_wconf 90' lang='lat' dir='ltr'>sta·</span> 
     </span>
     <span class='ocr_line' id='line_1_11' title="bbox 272 1858 1247 1958; baseline 0.004 -28"><span class='ocrx_word' id='word_1_59' title='bbox 272 1858 397 1949; x_wconf 85' lang='lat' dir='ltr'>tiones,</span> <span class='ocrx_word' id='word_1_60' title='bbox 423 1887 500 1957; x_wconf 85' lang='lat' dir='ltr'>quae</span> <span class='ocrx_word' id='word_1_61' title='bbox 526 1865 718 1933; x_wconf 89' lang='lat' dir='ltr'>Germanos</span> <span class='ocrx_word' id='word_1_62' title='bbox 741 1863 831 1933; x_wconf 89' lang='lat' dir='ltr'>vado</span> <span class='ocrx_word' id='word_1_63' title='bbox 854 1883 1028 1934; x_wconf 82' lang='lat' dir='ltr'>arcerent:</span> <span class='ocrx_word' id='word_1_64' title='bbox 1056 1863 1247 1958; x_wconf 68' lang='lat' dir='ltr'>eidemque</span> 
     </span>
     <span class='ocr_line' id='line_1_12' title="bbox 271 1979 1245 2077; baseline 0.005 -28"><span class='ocrx_word' id='word_1_65' title='bbox 271 1979 315 2050; x_wconf 92' lang='lat' dir='ltr'>de</span> <span class='ocrx_word' id='word_1_66' title='bbox 339 1983 440 2051; x_wconf 71' lang='lat' dir='ltr'>causa</span> <span class='ocrx_word' id='word_1_67' title='bbox 464 1981 577 2052; x_wconf 92' lang='lat' dir='ltr'>minus</span> <span class='ocrx_word' id='word_1_68' title='bbox 595 1979 749 2077; x_wconf 87' lang='lat' dir='ltr'>frugum,</span> <span class='ocrx_word' id='word_1_69' title='bbox 771 1985 804 2052; x_wconf 70' lang='grc' dir='ltr'>δι</span> <span class='ocrx_word' id='word_1_70' title='bbox 828 1982 956 2076; x_wconf 89' lang='lat' dir='ltr'>plures,</span> <span class='ocrx_word' id='word_1_71' title='bbox 981 1981 1040 2076; x_wconf 93' lang='lat' dir='ltr'>qui</span> <span class='ocrx_word' id='word_1_72' title='bbox 1067 1981 1245 2056; x_wconf 86' lang='lat' dir='ltr'>consume·</span> 
     </span>
     <span class='ocr_line' id='line_1_13' title="bbox 271 2097 1245 2197; baseline 0.004 -29"><span class='ocrx_word' id='word_1_73' title='bbox 271 2119 359 2170; x_wconf 86' lang='lat' dir='ltr'>rent.</span> <span class='ocrx_word' id='word_1_74' title='bbox 409 2099 520 2193; x_wconf 82' lang='lat' dir='ltr'>Apud</span> <span class='ocrx_word' id='word_1_75' title='bbox 544 2097 722 2192; x_wconf 89' lang='lat' dir='ltr'>imperitos</span> <span class='ocrx_word' id='word_1_76' title='bbox 741 2099 891 2195; x_wconf 82' lang='lat' dir='ltr'>prodigii</span> <span class='ocrx_word' id='word_1_77' title='bbox 913 2103 993 2171; x_wconf 93' lang='lat' dir='ltr'>loco</span> <span class='ocrx_word' id='word_1_78' title='bbox 1010 2100 1245 2197; x_wconf 83' lang='lat' dir='ltr'>accipiebatur</span> 
     </span>
     <span class='ocr_line' id='line_1_14' title="bbox 268 2214 1243 2314; baseline 0.005 -28"><span class='ocrx_word' id='word_1_79' title='bbox 268 2214 338 2311; x_wconf 87' lang='lat' dir='ltr'>ipsa</span> <span class='ocrx_word' id='word_1_80' title='bbox 350 2243 518 2312; x_wconf 88' lang='lat' dir='ltr'>aquarum</span> <span class='ocrx_word' id='word_1_81' title='bbox 532 2217 686 2313; x_wconf 90' lang='lat' dir='ltr'>penuria,</span> <span class='ocrx_word' id='word_1_82' title='bbox 694 2239 873 2313; x_wconf 88' lang='lat' dir='ltr'>tamquam</span> <span class='ocrx_word' id='word_1_83' title='bbox 887 2245 948 2290; x_wconf 88' lang='lat' dir='ltr'>nos</span> <span class='ocrx_word' id='word_1_84' title='bbox 960 2243 1077 2291; x_wconf 89' lang='lat' dir='ltr'>amnes</span> <span class='ocrx_word' id='word_1_85' title='bbox 1089 2244 1243 2314; x_wconf 91' lang='lat' dir='ltr'>quoque,</span> 
     </span>
     <span class='ocr_line' id='line_1_15' title="bbox 269 2335 1243 2433; baseline 0.002 -27"><span class='ocrx_word' id='word_1_86' title='bbox 269 2339 301 2406; x_wconf 79' lang='grc' dir='ltr'>δι</span> <span class='ocrx_word' id='word_1_87' title='bbox 319 2355 433 2407; x_wconf 89' lang='lat' dir='ltr'>vetera</span> <span class='ocrx_word' id='word_1_88' title='bbox 451 2335 585 2431; x_wconf 92' lang='lat' dir='ltr'>imperii</span> <span class='ocrx_word' id='word_1_89' title='bbox 603 2336 834 2424; x_wconf 90' lang='lat' dir='ltr'>munimenta,</span> <span class='ocrx_word' id='word_1_90' title='bbox 852 2336 1068 2409; x_wconf 82' lang='lat' dir='ltr'>desererent:</span> <span class='ocrx_word' id='word_1_91' title='bbox 1096 2339 1190 2433; x_wconf 88' lang='lat' dir='ltr'>quod</span> <span class='ocrx_word' id='word_1_92' title='bbox 1207 2337 1243 2408; x_wconf 93' lang='lat' dir='ltr'>in</span> 
     </span>
     <span class='ocr_line' id='line_1_16' title="bbox 270 2453 1245 2549; baseline 0.005 -25"><span class='ocrx_word' id='word_1_93' title='bbox 270 2479 366 2549; x_wconf 90' lang='lat' dir='ltr'>pace,</span> <span class='ocrx_word' id='word_1_94' title='bbox 387 2461 414 2496; x_wconf 87' lang='lat'><strong>“</strong></span> <span class='ocrx_word' id='word_1_95' title='bbox 433 2453 541 2543; x_wconf 85' lang='lat' dir='ltr'>fors,&#39;&#39;</span> <span class='ocrx_word' id='word_1_96' title='bbox 565 2453 621 2527; x_wconf 88' lang='lat' dir='ltr'>seu</span> <span class='ocrx_word' id='word_1_97' title='bbox 637 2461 665 2496; x_wconf 89' lang='lat'><strong>“</strong></span> <span class='ocrx_word' id='word_1_98' title='bbox 686 2475 804 2527; x_wconf 90' lang='lat' dir='ltr'>natura</span> <span class='ocrx_word' id='word_1_99' title='bbox 816 2458 852 2539; x_wconf 89' lang='lat'>;&#39;’</span> <span class='ocrx_word' id='word_1_100' title='bbox 870 2477 952 2528; x_wconf 91' lang='lat' dir='ltr'>tunc</span> <span class='ocrx_word' id='word_1_101' title='bbox 983 2464 1007 2497; x_wconf 91' lang='lat'><strong>“</strong></span> <span class='ocrx_word' id='word_1_102' title='bbox 1023 2455 1131 2529; x_wconf 86' lang='lat' dir='ltr'>fatum</span> <span class='ocrx_word' id='word_1_103' title='bbox 1146 2457 1245 2529; x_wconf 84' lang='lat' dir='ltr'>&amp;ira</span> 
     </span>
     <span class='ocr_line' id='line_1_17' title="bbox 270 2573 1242 2668; baseline 0.004 -25"><span class='ocrx_word' id='word_1_104' title='bbox 270 2579 297 2614; x_wconf 90' lang='lat'><strong>“</strong></span> <span class='ocrx_word' id='word_1_105' title='bbox 315 2573 410 2662; x_wconf 89' lang='lat' dir='ltr'>dei,”</span> <span class='ocrx_word' id='word_1_106' title='bbox 438 2575 634 2645; x_wconf 87' lang='lat' dir='ltr'>vocabatur.</span> <span class='ocrx_word' id='word_1_107' title='bbox 684 2574 839 2668; x_wconf 85' lang='lat' dir='ltr'>lngreffis</span> <span class='ocrx_word' id='word_1_108' title='bbox 856 2576 1060 2663; x_wconf 83' lang='lat' dir='ltr'>Novesrum,</span> <span class='ocrx_word' id='word_1_109' title='bbox 1087 2575 1242 2647; x_wconf 84' lang='lat' dir='ltr'>sextade-</span> 
     </span>
     <span class='ocr_line' id='line_1_18' title="bbox 269 2689 1239 2788; baseline 0.002 -26"><span class='ocrx_word' id='word_1_110' title='bbox 269 2689 359 2763; x_wconf 92' lang='lat' dir='ltr'>cima</span> <span class='ocrx_word' id='word_1_111' title='bbox 385 2691 477 2788; x_wconf 84' lang='lat' dir='ltr'>legio</span> <span class='ocrx_word' id='word_1_112' title='bbox 494 2690 728 2788; x_wconf 87' lang='lat' dir='ltr'>conjungitur.</span> <span class='ocrx_word' id='word_1_113' title='bbox 779 2691 932 2763; x_wconf 86' lang='lat' dir='ltr'>Additus</span> <span class='ocrx_word' id='word_1_114' title='bbox 950 2693 1093 2764; x_wconf 84' lang='lat' dir='ltr'>Voculae</span> <span class='ocrx_word' id='word_1_115' title='bbox 1111 2693 1146 2763; x_wconf 91' lang='lat' dir='ltr'>in</span> <span class='ocrx_word' id='word_1_116' title='bbox 1163 2719 1239 2787; x_wconf 88' lang='lat' dir='ltr'>par-</span> 
     </span>
     <span class='ocr_line' id='line_1_19' title="bbox 266 2811 1238 2905; baseline 0.001 -24"><span class='ocrx_word' id='word_1_117' title='bbox 266 2829 336 2881; x_wconf 89' lang='lat' dir='ltr'>tem</span> <span class='ocrx_word' id='word_1_118' title='bbox 356 2836 515 2884; x_wconf 84' lang='lat' dir='ltr'>curarum</span> <span class='ocrx_word' id='word_1_119' title='bbox 535 2811 732 2883; x_wconf 86' lang='lat' dir='ltr'>Herennius</span> <span class='ocrx_word' id='word_1_120' title='bbox 745 2811 880 2897; x_wconf 87' lang='lat' dir='ltr'>Gallus,</span> <span class='ocrx_word' id='word_1_121' title='bbox 900 2811 1055 2905; x_wconf 86' lang='lat' dir='ltr'>legatus:</span> <span class='ocrx_word' id='word_1_122' title='bbox 1088 2835 1151 2881; x_wconf 91' lang='lat' dir='ltr'>nec</span> <span class='ocrx_word' id='word_1_123' title='bbox 1169 2815 1238 2883; x_wconf 87' lang='lat' dir='ltr'>aust</span> 
     </span>
     <span class='ocr_line' id='line_1_20' title="bbox 264 2928 1232 3027; baseline 0.001 -28"><span class='ocrx_word' id='word_1_124' title='bbox 264 2929 308 2999; x_wconf 92' lang='lat' dir='ltr'>ad</span> <span class='ocrx_word' id='word_1_125' title='bbox 325 2929 456 3001; x_wconf 89' lang='lat' dir='ltr'>hostem</span> <span class='ocrx_word' id='word_1_126' title='bbox 474 2955 627 3027; x_wconf 85' lang='lat' dir='ltr'>pergere,</span> <span class='ocrx_word' id='word_1_127' title='bbox 651 2931 742 3015; x_wconf 91' lang='lat' dir='ltr'>loco,</span> <span class='ocrx_word' id='word_1_128' title='bbox 762 2928 817 2999; x_wconf 88' lang='lat' dir='ltr'>cui</span> <span class='ocrx_word' id='word_1_129' title='bbox 836 2929 998 2999; x_wconf 89' lang='lat' dir='ltr'>Gelduba</span> <span class='ocrx_word' id='word_1_130' title='bbox 1022 2952 1149 2998; x_wconf 91' lang='lat' dir='ltr'>nomen</span> <span class='ocrx_word' id='word_1_131' title='bbox 1168 2928 1232 3017; x_wconf 92' lang='lat' dir='ltr'>est,</span> 
     </span>
     <span class='ocr_line' id='line_1_21' title="bbox 265 3045 1236 3134; baseline -0.002 -15"><span class='ocrx_word' id='word_1_132' title='bbox 265 3047 366 3120; x_wconf 87' lang='lat' dir='ltr'>castra</span> <span class='ocrx_word' id='word_1_133' title='bbox 379 3048 498 3120; x_wconf 71' lang='lat' dir='ltr'>fecere.</span> <span class='ocrx_word' id='word_1_134' title='bbox 540 3049 593 3120; x_wconf 92' lang='lat' dir='ltr'>lbi</span> <span class='ocrx_word' id='word_1_135' title='bbox 621 3047 777 3119; x_wconf 71' lang='lat' dir='ltr'>struenda</span> <span class='ocrx_word' id='word_1_136' title='bbox 793 3047 878 3134; x_wconf 90' lang='lat' dir='ltr'>acie,</span> <span class='ocrx_word' id='word_1_137' title='bbox 897 3045 1087 3117; x_wconf 88' lang='lat' dir='ltr'>muniendo</span> <span class='ocrx_word' id='word_1_138' title='bbox 1105 3046 1236 3117; x_wconf 85' lang='lat' dir='ltr'>vallan-</span> 
     </span>
     <span class='ocr_line' id='line_1_22' title="bbox 264 3163 1238 3262; baseline -0.002 -25"><span class='ocrx_word' id='word_1_139' title='bbox 264 3167 393 3262; x_wconf 91' lang='lat' dir='ltr'>doque,</span> <span class='ocrx_word' id='word_1_140' title='bbox 425 3165 597 3237; x_wconf 88' lang='lat' dir='ltr'>&amp;ceteris</span> <span class='ocrx_word' id='word_1_141' title='bbox 622 3165 702 3238; x_wconf 93' lang='lat' dir='ltr'>belli</span> <span class='ocrx_word' id='word_1_142' title='bbox 727 3164 979 3237; x_wconf 88' lang='lat' dir='ltr'>meditamentis</span> <span class='ocrx_word' id='word_1_143' title='bbox 1007 3163 1151 3235; x_wconf 90' lang='lat' dir='ltr'>militem</span> <span class='ocrx_word' id='word_1_144' title='bbox 1182 3166 1238 3235; x_wconf 89' lang='lat' dir='ltr'>fir-</span> 
     </span>
     <span class='ocr_line' id='line_1_23' title="bbox 264 3283 1236 3379; baseline -0.006 -22"><span class='ocrx_word' id='word_1_145' title='bbox 264 3288 413 3357; x_wconf 89' lang='lat' dir='ltr'>mabant.</span> <span class='ocrx_word' id='word_1_146' title='bbox 463 3287 585 3378; x_wconf 91' lang='lat' dir='ltr'>thue</span> <span class='ocrx_word' id='word_1_147' title='bbox 607 3284 723 3379; x_wconf 72' lang='lat' dir='ltr'>praedzl</span> <span class='ocrx_word' id='word_1_148' title='bbox 740 3284 783 3354; x_wconf 87' lang='lat' dir='ltr'>ad</span> <span class='ocrx_word' id='word_1_149' title='bbox 802 3283 965 3354; x_wconf 91' lang='lat' dir='ltr'>virtutem</span> <span class='ocrx_word' id='word_1_150' title='bbox 982 3283 1236 3370; x_wconf 88' lang='lat' dir='ltr'>accenderetur,</span> 
     </span>
     <span class='ocr_line' id='line_1_24' title="bbox 261 3399 1236 3499; baseline 0 -25"><span class='ocrx_word' id='word_1_151' title='bbox 261 3403 297 3474; x_wconf 95' lang='lat' dir='ltr'>in</span> <span class='ocrx_word' id='word_1_152' title='bbox 326 3402 506 3499; x_wconf 85' lang='lat' dir='ltr'>proximos</span> <span class='ocrx_word' id='word_1_153' title='bbox 532 3405 779 3499; x_wconf 82' lang='lat' dir='ltr'>Gugernorum</span> <span class='ocrx_word' id='word_1_154' title='bbox 809 3427 928 3497; x_wconf 85' lang='lat' dir='ltr'>pagos,</span> <span class='ocrx_word' id='word_1_155' title='bbox 959 3401 1019 3496; x_wconf 91' lang='lat' dir='ltr'>qui</span> <span class='ocrx_word' id='word_1_156' title='bbox 1040 3399 1236 3474; x_wconf 85' lang='lat' dir='ltr'>societatem</span> 
     </span>
     <span class='ocr_line' id='line_1_25' title="bbox 262 3517 1235 3618; baseline -0.005 -25"><span class='ocrx_word' id='word_1_157' title='bbox 262 3521 381 3593; x_wconf 92' lang='lat' dir='ltr'>Civilis</span> <span class='ocrx_word' id='word_1_158' title='bbox 394 3540 608 3618; x_wconf 89' lang='lat' dir='ltr'>acceperant,</span> <span class='ocrx_word' id='word_1_159' title='bbox 623 3522 746 3592; x_wconf 66' lang='lat' dir='ltr'>dudus</span> <span class='ocrx_word' id='word_1_160' title='bbox 758 3520 919 3591; x_wconf 76' lang='lat' dir='ltr'>avocula</span> <span class='ocrx_word' id='word_1_161' title='bbox 932 3517 1111 3590; x_wconf 84' lang='lat' dir='ltr'>exercitus.</span> <span class='ocrx_word' id='word_1_162' title='bbox 1153 3519 1235 3588; x_wconf 90' lang='lat' dir='ltr'>Pars</span> 
     </span>
     <span class='ocr_line' id='line_1_26' title="bbox 262 3640 875 3735; baseline -0.008 -23"><span class='ocrx_word' id='word_1_163' title='bbox 262 3666 343 3713; x_wconf 92' lang='lat' dir='ltr'>cum</span> <span class='ocrx_word' id='word_1_164' title='bbox 364 3642 545 3712; x_wconf 90' lang='lat' dir='ltr'>Herennio</span> <span class='ocrx_word' id='word_1_165' title='bbox 562 3640 665 3711; x_wconf 91' lang='lat' dir='ltr'>Gallo</span> <span class='ocrx_word' id='word_1_166' title='bbox 684 3641 875 3735; x_wconf 72' lang='lat' dir='ltr'>permansit.</span> 
     </span>
    </p>

    <p class='ocr_par' dir='ltr' id='par_1_4' title="bbox 260 3753 1232 3974">
     <span class='ocr_line' id='line_1_27' title="bbox 310 3753 1231 3850; baseline -0.005 -19"><span class='ocrx_word' id='word_1_167' title='bbox 310 3760 462 3832; x_wconf 88' lang='lat' dir='ltr'>XXVII.</span> <span class='ocrx_word' id='word_1_168' title='bbox 499 3761 633 3830; x_wconf 75' lang='lat' dir='ltr'>Fortrs</span> <span class='ocrx_word' id='word_1_169' title='bbox 663 3783 802 3845; x_wconf 91' lang='lat' dir='ltr'>navem,</span> <span class='ocrx_word' id='word_1_170' title='bbox 830 3756 924 3827; x_wconf 91' lang='lat' dir='ltr'>haud</span> <span class='ocrx_word' id='word_1_171' title='bbox 955 3755 1075 3850; x_wconf 91' lang='lat' dir='ltr'>procul</span> <span class='ocrx_word' id='word_1_172' title='bbox 1106 3753 1231 3844; x_wconf 89' lang='lat' dir='ltr'>castris,</span> 
     </span>
     <span class='ocr_line' id='line_1_28' title="bbox 260 3874 1232 3974; baseline -0.006 -25"><span class='ocrx_word' id='word_1_173' title='bbox 260 3877 434 3949; x_wconf 90' lang='lat' dir='ltr'>frumento</span> <span class='ocrx_word' id='word_1_174' title='bbox 463 3902 620 3974; x_wconf 84' lang='lat' dir='ltr'>gravem,</span> <span class='ocrx_word' id='word_1_175' title='bbox 645 3878 727 3948; x_wconf 77' lang='lat' dir='ltr'>clun</span> <span class='ocrx_word' id='word_1_176' title='bbox 755 3900 816 3971; x_wconf 91' lang='lat' dir='ltr'>per</span> <span class='ocrx_word' id='word_1_177' title='bbox 840 3876 929 3946; x_wconf 81' lang='lat' dir='ltr'>rada</span> <span class='ocrx_word' id='word_1_178' title='bbox 957 3875 1110 3961; x_wconf 82' lang='lat' dir='ltr'>haesrffet,</span> <span class='ocrx_word' id='word_1_179' title='bbox 1145 3874 1232 3944; x_wconf 91' lang='lat' dir='ltr'>Ger-</span> 
     </span>
    </p>
   </div>
   <div class='ocr_carea' id='block_1_3' title="bbox 260 3990 1232 4211">
    <p class='ocr_par' dir='ltr' id='par_1_5' title="bbox 260 3990 1232 4211">
     <span class='ocr_line' id='line_1_29' title="bbox 260 3990 1232 4091; baseline -0.001 -22"><span class='ocrx_word' id='word_1_180' title='bbox 260 3996 353 4070; x_wconf 90' lang='lat' dir='ltr'>mani</span> <span class='ocrx_word' id='word_1_181' title='bbox 381 3997 417 4068; x_wconf 91' lang='lat' dir='ltr'>in</span> <span class='ocrx_word' id='word_1_182' title='bbox 442 3994 539 4070; x_wconf 86' lang='lat' dir='ltr'>suam</span> <span class='ocrx_word' id='word_1_183' title='bbox 560 3995 671 4091; x_wconf 91' lang='lat' dir='ltr'>ripam</span> <span class='ocrx_word' id='word_1_184' title='bbox 699 3995 890 4066; x_wconf 87' lang='lat' dir='ltr'>trahebant.</span> <span class='ocrx_word' id='word_1_185' title='bbox 940 3993 1025 4067; x_wconf 90' lang='lat' dir='ltr'>Non</span> <span class='ocrx_word' id='word_1_186' title='bbox 1046 3990 1124 4064; x_wconf 86' lang='lat' dir='ltr'>tulit</span> <span class='ocrx_word' id='word_1_187' title='bbox 1148 3992 1232 4068; x_wconf 89' lang='lat' dir='ltr'>Gal-</span> 
     </span>
     <span class='ocr_line' id='line_1_30' title="bbox 712 4113 780 4211; baseline 0 0"><span class='ocrx_word' id='word_1_188' title='bbox 712 4113 735 4184; x_wconf 75' lang='grc'>5</span> <span class='ocrx_word' id='word_1_189' title='bbox 761 4137 780 4211; x_wconf 80' lang='lat' dir='ltr'>s</span> 
     </span>
    </p>
   </div>
   <div class='ocr_carea' id='block_1_4' title="bbox 0 0 1504 5144">
    <p class='ocr_par' dir='ltr' id='par_1_6' title="bbox 0 0 1504 5144">
     <span class='ocr_line' id='line_1_31' title="bbox 0 0 1504 5144; baseline 0 6"><span class='ocrx_word' id='word_1_190' title='bbox 0 0 1504 5144; x_wconf 95' lang='lat' dir='ltr'> </span> 
     </span>
    </p>
   </div>
  </div>
 </body>
</html>
