3000 5144
269 496 340 563 244
473 470 1050 545 CConuenrrTncrrr

268 645 441 739 placuerat
471 647 499 684 “
517 644 606 715 mitti
631 645 674 715 ad
700 643 895 739 Principem
921 644 1088 739 legatos.''
1138 642 1236 715 Hinc

267 761 574 834 interHelvidium
592 766 625 833 δι
646 762 793 858 Eprium
806 760 1063 857 acrejurgium.
1103 759 1236 833 Priscus

268 890 295 922 “
314 880 395 977 eligi
412 879 617 952 nominatim
644 906 664 952 a
682 882 935 978 magistratibus
945 880 1067 976 juratis
1081 883 1117 965 ;”
1135 883 1235 952 Mar·

266 1000 372 1071 cellus
401 1006 427 1040 “
447 1001 594 1070 urnam”
613 998 819 1094 postulabat,
851 1024 929 1094 quae
955 998 1100 1071 consulis
1123 999 1234 1094 desig·

268 1117 337 1189 nati
360 1116 523 1190 sententia
539 1117 657 1190 fuerat.

313 1238 391 1308 Vll.
416 1238 490 1306 Seu
508 1236 666 1309 Marcelli
692 1235 842 1309 studium
870 1236 1025 1333 proprius
1050 1238 1157 1310 rubor
1172 1261 1233 1308 ex·

266 1356 405 1443 citabat,
440 1380 495 1444 ne,
525 1355 598 1428 aliis
626 1356 754 1444 eleelis,
790 1356 1000 1452 posthabitus
1029 1356 1233 1428 crederetur.

265 1474 531 1569 Paulatimque,
556 1499 616 1570 per
643 1474 900 1547 altercationem
923 1476 967 1545 ad
994 1473 1173 1545 continuas
1199 1477 1234 1546 δι

264 1592 399 1665 infestas
424 1592 593 1664 orationes
616 1593 767 1688 provecti
794 1592 880 1680 sunt,
915 1613 1087 1689 quaerente
1106 1591 1234 1664 Helvi·

263 1712 339 1799 dio,
370 1719 396 1752 “
412 1710 495 1806 quid
520 1709 564 1781 ita
581 1709 954 1807 Marcellusjudicium
971 1711 1233 1808 magistratuum

266 1837 293 1873 “
313 1827 525 1926 pavesceret?
556 1833 622 1902 effe
646 1830 693 1902 illi
712 1830 906 1926 pecuniam,
933 1833 965 1900 ἃ
983 1828 1231 1925 eloquentiam,

265 1956 293 1992 “
311 1951 390 2045 quls
423 1949 550 2020 multos
577 1949 731 2036 anteiret,
761 1948 797 2019 ni
826 1947 991 2020 memorial
1022 1946 1233 2044 flagitiorum

265 2075 293 2112 “
311 2088 498 2164 urgeretur.
546 2068 642 2138 Sorte
667 2072 700 2139 ὃς
723 2068 821 2154 umal,
851 2092 962 2138 mores
979 2092 1048 2139 non
1064 2064 1232 2138 discernit

264 2186 465 2281 “suffragia
490 2191 522 2256 δε
552 2184 840 2273 existimationem
861 2185 993 2257 senatus
1020 2204 1162 2280 reperta,
1191 2205 1231 2258 ut

265 2311 294 2346 “
312 2303 348 2374 in
366 2300 527 2398 cujusque
543 2301 652 2374 vitam
665 2303 863 2399 famamque
881 2323 1119 2399 penetrarent:
1151 2329 1229 2400 per·

264 2420 416 2492 “tinere
448 2422 492 2492 ad
525 2420 706 2494 utilitatem
738 2422 949 2518 reipublice,
989 2421 1154 2518 pertinere
1184 2423 1227 2495 ad

263 2537 498 2634 “Vespasiani
527 2542 707 2629 honorem,
732 2564 906 2613 occurrere
930 2539 994 2628 illi,
1020 2566 1105 2635 quos
1130 2541 1229 2613 inno·

263 2665 289 2700 “
308 2657 510 2730 centissimos
537 2657 668 2730 senatus
688 2660 823 2746 habeat,
851 2658 909 2754 qui
934 2659 1080 2731 honestis
1102 2659 1229 2733 sermo-

260 2783 290 2819 “
307 2776 408 2848 nibus
424 2802 518 2849 aures
530 2776 743 2872 Imperatoris
761 2777 927 2850 imbuant.
976 2778 1088 2850 Fuisse
1100 2778 1229 2875 Vespa-

262 2906 289 2941 “
311 2902 399 2969 siano
422 2896 608 2967 amicitiam
625 2922 705 2967 cum
730 2895 892 2983 Thrasea,
922 2900 1061 2985 Soran0,
1087 2898 1225 2970 Sentio:

263 3023 289 3060 “
310 3040 459 3111 quorum
481 3013 701 3101 accusatores,
728 3014 854 3086 etiamsi
885 3016 999 3110 puniri
1027 3042 1097 3087 non
1122 3043 1228 3112 opor·

261 3143 287 3177 “
305 3154 388 3221 teat,
415 3132 573 3204 ostentari
602 3157 671 3204 non
696 3134 847 3204 debere:
882 3135 948 3205 hoc
977 3133 1108 3206 senariis
1130 3133 1226 3229 judi-

262 3260 289 3295 “
308 3253 376 3339 ci0,
404 3251 497 3322 velut
524 3251 701 3322 admoneri
730 3250 941 3346 Principem,
972 3278 1058 3347 quos
1088 3256 1224 3349 probet,

261 3379 395 3466 “quos
424 3368 642 3442 reformidet:
679 3371 812 3442 nullum
847 3368 954 3465 majus
981 3371 1062 3442 boni
1091 3370 1225 3465 imperii

261 3498 288 3533 “
307 3488 584 3576 instrumentum,
604 3489 709 3584 quiam
738 3490 848 3560 bonos
865 3488 992 3559 amicos
1015 3491 1093 3560 effe.
1141 3490 1225 3562 Satis

261 3617 287 3651 “
307 3607 490 3695 Marcello,
518 3607 614 3702 qubd
631 3609 807 3678 Neronem
832 3605 867 3677 in
889 3605 1031 3678 exitium
1057 3627 1106 3677 tot
1125 3607 1224 3677 inno-

257 3723 456 3799 “centium
483 3724 665 3819 impulerit.
714 3727 898 3795 Frueretur
926 3724 1072 3819 praemiis
1101 3730 1133 3795 bt
1159 3725 1223 3797 im·

259 3852 287 3888 “
306 3841 475 3940 punitate;
497 3841 738 3939 Vespasianum
753 3842 950 3915 melioribus
963 3842 1200 3937 relinqueret.'’
