3000 5144
427 540 829 616 Hrs'ronranunr
863 542 974 617 Lrn.
1007 539 1070 616 ΙΙΙ.
1170 542 1235 641 183

315 714 451 789 XXIII.
475 717 688 791 Susrruurr
713 718 887 793 labantem
913 717 1023 791 aciem
1045 717 1232 806 Antonius,

203 869 206 874 ·
263 832 384 907 accitis
410 835 642 931 ptaetorianis:
679 836 739 932 qui
771 835 833 910 ubi
863 837 1029 932 excepere
1061 862 1231 933 pugnam,

265 954 398 1051 pellunt
423 954 570 1042 hostem,
590 953 675 1030 ‚dein
698 955 882 1050 pelluntur.
931 956 1097 1050 Namque
1123 956 1232 1028 Vitel-

263 1071 358 1161 liani,
392 1090 565 1145 tormenta
593 1072 627 1143 in
651 1097 814 1174 aggerem
834 1072 898 1145 viae
929 1075 1159 1162 contulerant,
1193 1091 1232 1151 ut

261 1191 329 1262 tela
362 1216 472 1264 vacuo
504 1209 608 1286 atque
641 1211 758 1286 aperto
796 1209 1049 1280 excuterentur,
1084 1190 1231 1287 dispersa

264 1304 391 1403 primo,
432 1314 465 1382 δι
495 1309 653 1397 arbustis,
695 1312 765 1381 srne
799 1310 949 1382 hostium
984 1311 1090 1398 noxal,
1124 1308 1231 1382 inlisa.

262 1426 510 1522 Magnitudine
543 1427 668 1500 eximia
690 1428 963 1523 quintadecima
996 1427 1139 1524 legionis
1169 1430 1230 1501 ba·

260 1541 349 1630 lilla,
374 1541 570 1641 ingentibus
593 1545 680 1618 saxis
710 1546 863 1620 hostilem
889 1544 1000 1619 aciem
1022 1547 1230 1641 proruebatr

261 1661 398 1759 Iate‘que
425 1666 559 1739 cladem
584 1663 759 1753 intuliffet,
782 1664 818 1735 ni
839 1665 911 1737 duo
928 1663 1064 1753 milites,
1090 1666 1230 1761 praecla-

262 1804 341 1853 rum
370 1779 501 1855 facinus
524 1785 608 1870 ausi,
648 1781 790 1877 arreptis
816 1808 836 1855 e
867 1782 977 1880 strage
1009 1781 1107 1855 scutis
1131 1782 1232 1880 igno·

261 1898 339 1987 rati,
365 1900 477 1973 vincla
503 1926 543 1973 ac
574 1900 777 1973 libramenta
800 1920 1048 1974 tormentorum
1073 1901 1230 1975 abscidis-

261 2011 356 2088 sent:
391 2018 505 2091 statim
531 2017 673 2091 confolsr
697 2017 786 2107 sunt,
805 2018 916 2115 eoque
941 2019 1141 2093 intercidere
1167 2046 1230 2092 no·

260 2133 378 2208 minat
406 2134 567 2209 delacio
595 2137 688 2209 haud
716 2136 916 2234 ambigitur.
965 2136 1103 2211 Neutrb
1131 2139 1231 2212 incli-

261 2273 401 2327 naverat
421 2253 569 2344 fortuna,
587 2256 714 2344 donec,
733 2256 849 2329 adulta
866 2258 980 2345 node,
999 2258 1080 2329 luna
1095 2255 1233 2354 surgens

262 2371 455 2446 ostenderet
470 2373 572 2461 acies,
592 2373 801 2470 falleretque.
850 2376 916 2447 Sed
934 2376 1103 2449 Flavianis
1121 2375 1230 2475 aequi-

263 2515 304 2563 or
331 2517 353 2563 a
380 2512 504 2589 tergo:
531 2492 612 2564 hinc
647 2490 791 2588 majores
815 2518 983 2590 equorum
1009 2496 1232 2593 virorumque

262 2612 409 2709 umbra,
433 2616 466 2684 δι
484 2608 581 2697 fals0,
599 2629 637 2682 ut
660 2609 695 2681 in
714 2636 871 2707 corpora,
893 2612 976 2702 ictu,
994 2613 1060 2685 tela
1082 2615 1231 2689 hostium

262 2727 348 2800 citra
372 2729 558 2801 cadebant:
589 2728 775 2817 Vitelliani,
800 2728 942 2802 adverso
970 2731 1099 2806 lumine
1123 2735 1232 2806 collu-

263 2866 392 2936 centes,
422 2849 517 2920 velut
533 2871 578 2919 ex
602 2848 739 2922 occulto
758 2845 1003 2945 jaculantibus,
1032 2849 1160 2923 incauti
1176 2848 1230 2924 of·

262 2963 468 3038 ferebantur.

309 3085 445 3156 XXIV.
469 3085 608 3158 Iorrun
624 3084 811 3175 Antonius,
825 3085 886 3158 ubi
899 3085 1034 3160 noscere
1050 3083 1139 3176 suos,
1154 3082 1230 3159 nos-

262 3202 364 3298 cique
400 3224 543 3297 poterat,
577 3204 660 3277 alios
694 3206 825 3301 pudore
853 3209 887 3277 δε
918 3205 1064 3301 probris,
1103 3206 1231 3278 multos

216 3320 219 3325 ’
263 3323 365 3394 laude
389 3326 423 3394 δι
441 3323 592 3410 hortatu,
621 3347 741 3394 omnes
769 3320 826 3418 spe
848 3322 1081 3420 promiffisque
1106 3347 1229 3396 accen·

262 3442 362 3529 dens,
381 3447 408 3484 “
427 3467 486 3515 cur
510 3440 575 3513 rari
591 3440 799 3538 sumpfillent
816 3467 911 3514 arma
924 3442 963 3513 ?'’
1011 3441 1226 3516 Pannonicas

263 3559 416 3658 legiones
448 3560 688 3656 interrogabat.
750 3564 777 3602 “
796 3561 876 3631 Illos
910 3562 976 3632 elle
1003 3586 1159 3657 campos,
1189 3561 1227 3634 in

265 3685 294 3721 ‘⁶
310 3677 439 3775 quibus
465 3680 600 3752 abolere
629 3680 744 3751 labem
774 3677 894 3774 prioris
920 3677 1133 3775 ignominiae,
1166 3680 1227 3755 ubi

266 3804 295 3841 “
313 3797 499 3892 reciperare
519 3797 663 3893 gloriam
676 3800 842 3893 poffent.”
891 3797 987 3869 Turn
1004 3800 1047 3870 ad
1065 3800 1231 3874 Moesrcos

265 3916 460 4009 conversus,
487 3922 514 3959 “
533 3913 703 4014 principes
719 3914 940 4014 auctoresque
962 3917 1069 3991 belli''
1092 3917 1225 3994 ciebat:

712 4034 750 4108 N
772 4060 798 4126 4
