3000 5144
360 583 407 658 54
548 555 882 630 C.Coiiiri=.nir
919 552 1122 626 Triciri

346 728 556 824 quambene
574 729 617 800 de
636 727 785 823 partibus
802 725 959 815 meritus,
977 726 1074 797 nullo
1090 722 1183 818 apud
1201 719 1310 792 Vitel-

347 847 434 918 lium
451 849 578 917 honore
596 843 678 918 fuit:
706 844 836 917 secretis
850 869 930 917 eum
946 840 1245 916 criminationibus,
1259 838 1312 910 in-

346 963 534 1036 famaverat
552 965 678 1035 Fabius
702 963 874 1060 ignarum,
903 967 936 1036 &
964 960 1035 1059 quo
1062 961 1229 1033 incautior
1251 957 1313 1028 de·

353 1083 533 1178 ciperetur,
552 1083 664 1176 palam
683 1082 872 1154 laudatum.

395 1203 512 1272 LXV.
538 1203 731 1272 Varianam
757 1201 844 1271 inter
860 1195 1112 1295 Lugdunenses
1135 1194 1310 1266 Viennen-

347 1319 461 1416 sesque
485 1318 691 1390 discordiam
714 1317 915 1414 proximum
940 1318 1071 1388 bellum
1096 1315 1310 1387 accenderat:

347 1439 465 1510 multae
480 1436 629 1508 invicem
643 1437 770 1523 clades,
789 1435 939 1507 crebrius
952 1433 1184 1529 infestiusque,
1203 1432 1312 1527 quarn

345 1576 384 1628 ut
409 1555 542 1626 tantum
568 1572 707 1648 propter
730 1555 910 1625 Neronem
936 1555 1154 1647 Galbamque
1178 1575 1314 1646 pugna·

346 1692 450 1744 retur.
501 1673 546 1742 Et
580 1673 693 1742 Galba
723 1670 849 1743 reditus
881 1672 1179 1768 Lugdunensium,
1214 1694 1314 1740 occa-

347 1793 437 1862 sione
461 1788 532 1876 irae,
561 1787 597 1858 in
625 1784 744 1859 fiscum
768 1807 923 1860 verterat.
973 1789 1110 1860 Multus
1133 1787 1252 1860 contra
1279 1786 1315 1857 in

351 1903 558 1978 Viennenses
583 1907 710 1975 honor:
738 1907 830 1977 unde
855 1905 1041 1994 aemulatio,
1061 1911 1093 1978 &
1110 1905 1252 1994 invidia,
1281 1909 1315 1976 δι

348 2049 420 2096 uno
436 2048 538 2096 amne
555 2020 703 2095 discretis
713 2047 911 2096 connexum
924 2023 1057 2096 odium.
1087 2023 1198 2121 Igitur
1213 2025 1313 2119 Lug·

345 2139 510 2212 dunenses
527 2140 743 2212 exstimulare
759 2143 907 2238 singulos
925 2141 1089 2229 militum,
1116 2148 1148 2213 &
1167 2142 1202 2212 in
1221 2166 1315 2213 ever·

349 2262 478 2331 sionem
499 2257 742 2330 Viennensium
763 2258 954 2354 impellere,
985 2268 1012 2301 “
1031 2258 1194 2333 obsessam
1211 2260 1255 2330 ab
1272 2258 1313 2330 il-

349 2375 437 2446 “lis
466 2373 638 2447 coloniam
669 2374 777 2464 suain,
816 2376 950 2471 adjutos
976 2376 1130 2449 Vindicis
1158 2395 1315 2465 conatus,

347 2491 596 2588 “conscriptas
618 2481 729 2590 nuper
758 2495 910 2591 legiones
937 2495 973 2566 in
1002 2495 1198 2592 praesidium
1230 2495 1315 2567 Gal·

345 2619 372 2655 “
392 2613 469 2682 bae’'
496 2608 684 2684 referendo.
747 2617 792 2686 Et
809 2612 869 2686 ubi
895 2612 1007 2685 causas
1038 2612 1197 2685 odiorum
1225 2638 1314 2709 pra·

344 2731 538 2818 tenderunt,
578 2714 865 2827 ¹magnitudinem
912 2732 1038 2828 praedae
1081 2730 1315 2805 ostendebant.

341 2851 420 2920 Nec
438 2846 513 2944 jam
537 2846 661 2921 secreta
683 2848 891 2937 exhortati0,
922 2846 978 2921 sed
998 2848 1147 2946 publicae
1171 2873 1313 2944 preces:
1371 2935 1373 2939 ἢ

346 2975 373 3011 “
392 2971 481 3039 lient
498 2968 641 3054 ultores,
666 2966 898 3039 exscinderent
918 2965 1033 3040 sedern
1055 2967 1182 3040 Gallici
1207 2967 1313 3041 belli:

343 3092 371 3128 “
390 3088 513 3158 cunela
524 3084 593 3157 illic
612 3089 802 3157 externa&
820 3085 970 3157 hostilia:
998 3083 1031 3157 se
1049 3084 1224 3157 coloniam
1239 3090 1315 3159 Ro-

345 3207 374 3244 “
394 3229 547 3290 manam,
586 3208 619 3275 dc
647 3224 779 3298 partein
803 3202 985 3291 exercitiis,
1016 3207 1049 3275 ὅτ
1082 3202 1318 3300 prosperarum

345 3328 372 3362 “
390 3320 674 3417 adversarumque
700 3346 812 3394 rerum
829 3318 960 3394 socios:
992 3324 1013 3393 fi
1032 3320 1170 3396 fortuna
1194 3324 1316 3396 contra

350 3445 377 3480 “
396 3439 507 3527 daret,
527 3438 615 3511 iratis
631 3465 674 3512 ne
692 3440 1000 3535 relinquerentur.''

335 3639 336 3642 Ἴ
393 3558 525 3629 LXVI.
552 3561 629 3630 His
660 3563 693 3631 δι
724 3557 880 3654 pluribus
912 3559 947 3630 in
976 3561 1139 3632 eumdem
1168 3561 1316 3634 modum

347 3676 579 3768 perpulerant,
607 3697 708 3749 utne
735 3676 838 3773 legati
863 3677 1020 3772 quidem,
1050 3704 1089 3751 ac
1111 3679 1215 3750 duces
1240 3704 1317 3774 par-

310 3807 312 3812 ·
343 3790 446 3878 tium,
480 3792 641 3889 restingui
667 3795 761 3889 posse
786 3794 997 3867 iracundiam
1023 3796 1189 3869 exercitlls
1225 3796 1316 3868 arbi·

336 3925 522 3982 trarentur:
552 3910 633 3985 curn
656 3913 750 3984 haud
774 3911 886 4009 ignari
910 3913 1113 3986 discriminis
1134 3913 1182 3987 sui
1206 3915 1312 3987 Vien-
