2978 5144
290 525 336 620 38
523 519 565 593 C.
597 519 867 592 Couuattr
894 517 1096 593 Tncrrr

288 696 494 797 eloquentiae
520 699 672 773 studium
697 698 898 789 inclinasset,
926 695 963 769 id
989 693 1105 770 solum
1133 708 1280 795 ageret,

289 819 327 891 id
343 817 538 892 universum
554 819 712 891 hauriret.

338 940 478 1011 XXIX.
504 945 563 1011 Ar
593 963 686 1010 nunc
708 956 806 1009 natus
827 934 937 1008 infans
959 933 1144 1032 delegatur
1164 938 1275 1009 Grae·

285 1058 374 1130 culae
389 1057 493 1130 alicui
514 1057 662 1146 ancilla,
688 1055 742 1128 cui
759 1051 959 1151 adjungitur
976 1079 1065 1126 unus
1088 1073 1151 1125 aut
1178 1055 1273 1127 alter

286 1202 332 1249 ex
348 1179 511 1251 omnibus
527 1177 643 1265 serris,
667 1176 870 1271 plerumque
891 1172 1079 1262 viliffimus,
1103 1197 1171 1245 nec
1191 1173 1270 1246 cui-

288 1322 396 1392 quam
425 1295 509 1369 serio
542 1294 729 1367 ministerio
760 1290 1053 1365 accommodatus.
1113 1292 1267 1364 Horum

286 1414 411 1489 sabulis
428 1415 465 1485 δι
492 1413 659 1487 erroribus
685 1411 791 1484 reneri
817 1411 930 1483 statim
961 1413 996 1481 ἃ
1026 1407 1130 1481 rudes
1151 1408 1266 1483 animi

286 1535 502 1607 imbuuntur.
551 1535 629 1605 Nec
655 1529 836 1628 quisquam
864 1530 900 1602 in
931 1530 1002 1601 totd
1031 1528 1142 1601 domo
1167 1532 1265 1624 pensi

284 1655 403 1741 habet,
437 1652 522 1750 quid
546 1676 665 1724 coram
697 1647 829 1721 infante
860 1647 1020 1737 domino,
1054 1661 1115 1719 aut
1148 1645 1264 1736 dicat,

282 1791 342 1845 aut
372 1770 499 1844 saciat:
528 1771 669 1868 quando
686 1769 790 1840 etiam
813 1766 873 1865 ipfi
902 1785 1056 1865 parentes
1085 1789 1150 1838 nec
1178 1790 1264 1863 pro·

250 1890 395 1980 ·bitati,
437 1914 551 1987 neque
591 1887 780 1974 modestia,
818 1884 980 1983 parvulos
1011 1882 1263 1975 adsuefaciunt,

283 2009 341 2083 sed
359 2008 502 2082 lasciviae
531 2013 565 2080 δι
594 2004 766 2090 libertati3
796 2029 859 2101 per
882 2030 961 2102 quae
985 2001 1165 2100 paullatim
1191 2003 1261 2077 im·

282 2129 448 2224 pudentia
460 2127 590 2221 irrepit,
611 2130 644 2197 bc
660 2121 710 2197 sui
723 2122 893 2220 alienique
907 2141 1136 2218 contemptus.
1175 2124 1262 2216 Jam

280 2244 366 2316 verb
384 2243 577 2339 propria&
595 2241 779 2338 peculiaria
794 2241 894 2340 hujus
911 2241 1018 2314 Urbis
1047 2239 1131 2312 vitia
1156 2266 1262 2336 paene

280 2362 318 2434 in
335 2382 433 2433 utero
449 2360 565 2432 matris
582 2359 719 2456 concipi
739 2360 824 2432 mihi
849 2362 1025 2448 videntur,
1050 2357 1260 2434 histrionalis

279 2478 391 2567 favor,
409 2478 446 2548 ἃ
463 2478 693 2576 gladiatorum
710 2503 951 2577 equorumque
969 2477 1103 2551 studia:
1128 2478 1259 2578 quibus

279 2618 470 2693 occupatus
487 2596 682 2671 &obsessus
694 2597 827 2670 animus
845 2599 1049 2694 quantulum
1066 2596 1133 2669 loci
1151 2596 1259 2671 bonis

278 2717 408 2790 artibus
424 2716 584 2813 relinquit
600 2721 612 2788 Ρ
638 2738 784 2812 quotum
800 2741 976 2813 quemque
992 2715 1173 2804 inveneris,
1193 2720 1257 2812 qui

277 2836 375 2909 domi
393 2835 586 2932 quidquam
604 2836 697 2908 aliud
715 2837 901 2931 loquatur?
921 2861 1008 2933 quos
1030 2833 1114 2905 alios
1134 2835 1256 2908 adole·

277 2955 509 3028 scentulorum
532 2953 699 3026 sermones
716 2955 923 3050 excipimus,
949 2954 1131 3049 fiquando
1155 2955 1255 3026 audi·

278 3075 366 3146 toria
395 3073 625 3144 intravimus?
657 3075 715 3144 Ne
739 3096 965 3168 praeceptores
998 3072 1142 3169 quidem
1168 3075 1258 3148 ullas
1306 3118 1311 3123 -

279 3193 465 3266 crebriores
491 3217 573 3262 cum
602 3191 815 3263 auditoribus
842 3191 908 3264 suis
940 3189 1071 3263 fabulas
1095 3193 1252 3266 habent:

279 3311 449 3408 colligunt
466 3310 557 3381 enim
571 3308 755 3404 discipulos
768 3334 839 3383 non
857 3309 1030 3383 severitate
1045 3307 1253 3405 disciplinae,

279 3455 345 3502 nec
374 3429 503 3525 ingenii
532 3427 783 3522 experimento,
812 3427 869 3500 sed
896 3428 1087 3502 ambitione
1103 3427 1253 3502 salutan-

279 3549 383 3635 tium,
414 3548 450 3617 &
484 3545 664 3619 inlecebris
692 3546 905 3620 adulationis.
960 3546 1113 3620 Transeo
1140 3549 1253 3644 prima

276 3664 480 3739 discentium
499 3668 681 3753 elementa,
699 3665 735 3737 in
752 3667 877 3761 quibus
894 3672 928 3739 δι
944 3666 1020 3762 ipsis
1041 3691 1165 3761 parum
1182 3669 1252 3740 ela-

278 3785 441 3854 boratur:
466 3785 588 3858 necin
616 3784 813 3857 audoribus
839 3785 1098 3882 cognoscendis,
1127 3787 1250 3859 necin

276 3902 470 3975 evolvenda
495 3903 711 4002 antiquitate,
742 3928 807 3977 nee
832 3902 870 3978 in
894 3904 1015 3978 notitias
1036 3905 1092 3979 vel
1120 3928 1250 3999 rerum,
