3000 5144
424 532 827 608 Hrsronrsnunr
861 530 1061 604 Lrnlll.
1152 553 1227 627 apr

302 704 472 777 XXXIV.
488 705 573 777 Hrc
588 705 900 794 exitusCremonae,
915 732 1005 778 anno
1019 728 1233 779 cclxxxvr.
1269 775 1277 791 ,

264 822 492 919 aprimordio
509 822 571 894 sul.
621 823 772 896 Condita
794 844 865 895 erat
886 824 944 895 Ti.
966 822 1173 919 Sempronio
1202 825 1235 893 δι

262 941 427 1014 Cornelio
455 942 665 1031 consulibus,
695 942 875 1038 ingruente
904 941 939 1014 in
968 943 1103 1014 ltaliam
1132 942 1234 1014 Han-

263 1059 389 1149 nibale,
407 1063 708 1157 propugnaculum
724 1061 884 1133 adverslss
901 1060 1032 1147 Gallos,
1062 1080 1154 1132 trans
1170 1058 1235 1130 Pa·

261 1178 350 1250 dum
366 1197 519 1274 agentes,
550 1184 583 1251 δι
609 1183 631 1251 sr
650 1204 720 1275 qua
736 1179 801 1250 alia
823 1177 876 1250 vis
893 1203 952 1275 per
977 1180 1087 1274 Alpes
1111 1197 1235 1250 rueret.

263 1295 377 1391 Igitur
399 1320 546 1368 numero
575 1299 796 1384 colonorum,
830 1294 1087 1391 opportunitate
1119 1293 1237 1367 flumi-

265 1439 366 1503 num,
391 1415 496 1488 ubere
523 1415 614 1512 agri,
640 1416 778 1488 adnexu
796 1411 1043 1509 connubiisque
1067 1412 1236 1509 gentium,

266 1531 420 1605 adolevit
437 1533 637 1630 floruitque,
664 1532 762 1607 bellis
783 1531 931 1603 externis
958 1529 1098 1618 intadla,
1125 1529 1238 1602 civili-

266 1652 332 1723 bus
349 1647 479 1723 infelix.
522 1651 695 1723 Antonius
713 1651 844 1747 pudore
856 1649 993 1746 flagitii,
1011 1648 1239 1721 crebrescente

267 1766 410 1856 invidid,
439 1768 562 1858 edixit,
602 1777 692 1842 “ne
716 1768 1061 1865 quis-Cremonenses
1085 1767 1240 1865 captivos

270 1893 299 1929 “
316 1887 483 1959 detineret
498 1889 534 1957 :’'
557 1887 755 1983 irritamque
780 1887 931 1985 praedam
960 1885 1125 1959 militibus
1158 1887 1240 1957 effe·

270 2025 361 2078 cerat
387 2003 564 2078 consensus
588 2005 710 2093 Italiae,
734 2005 948 2101 emptionem
966 2005 1087 2079 talium
1109 2004 1241 2078 manci-

270 2123 408 2219 piorum
440 2122 658 2221 aspernantis.
707 2123 832 2196 Occidi
860 2126 1025 2219 coepere:
1055 2125 1152 2220 quod
1180 2124 1243 2197 ubi

272 2241 419 2329 enotuit,
460 2268 481 2314 a
507 2241 710 2338 propinquis
743 2239 984 2337 adfinibusque
1016 2242 1149 2314 occulte
1188 2268 1243 2315 re·

271 2361 560 2456 demptabantur:
596 2386 682 2432 mox
712 2359 812 2432 rediit
848 2361 1058 2433 Cremonam
1094 2360 1244 2457 reliquus

274 2478 448 2574 populus:
487 2481 628 2574 reposrta
655 2475 741 2566 sora,
771 2480 982 2575 templaque,
1012 2479 1245 2553 munificentid

276 2596 518 2693 municipum:
551 2601 583 2667 &
602 2595 821 2692 Vespasianus
842 2597 1051 2669 hortabatur.

324 2715 478 2786 XXXV.
500 2716 696 2787 Cusanum
709 2712 1006 2815 adsideresepultae
1019 2715 1113 2786 urbis
1125 2715 1244 2805 ruinis,

277 2832 383 2905 noxia
400 2834 482 2905 tabo
506 2834 633 2905 humus
650 2833 743 2904 haud
767 2832 827 2904 diu
845 2830 1018 2927 permifit:
1046 2832 1090 2904 ad
1108 2832 1247 2906 tertium

275 2950 428 3048 lapidem
448 2930 622 3048 progressu
651 2976 758 3047 vagos
788 2950 1014 3046 paventesque
1031 2949 1246 3040 Vitellianos,

279 3068 336 3141 sua
360 3095 535 3166 quemque
561 3071 654 3164 apud
680 3072 773 3165 figna
797 3089 1023 3164 componunt.
1075 3071 1121 3140 Et
1147 3068 1247 3142 vislae

279 3187 445 3285 legiones,
471 3213 527 3276 ne,
544 3208 703 3259 manente
719 3187 832 3258 adhuc
849 3186 942 3258 civili
955 3188 1060 3274 bellu,
1083 3185 1248 3284 ambigue

280 3326 433 3402 agerent,
468 3331 529 3401 per
552 3305 728 3400 illyricum
756 3302 920 3400 dispersae.
969 3308 1011 3377 ln
1038 3306 1249 3379 Britanniam

282 3422 378 3513 inde,
408 3428 441 3497 δι
471 3421 669 3518 Hispanias,
697 3422 834 3494 nuntios
860 3420 1084 3520 famamque3
1113 3408 1148 3495 in
1166 3427 1249 3497 Gal-

283 3541 378 3630 liam,
392 3542 525 3636 Juliurn
540 3543 722 3629 Calenum,
736 3521 914 3613 tribunum
926 3569 937 3624 ;
963 3543 998 3612 in
1012 3544 1249 3633 Germaniam,

284 3660 455 3756 Alpinum
480 3662 709 3746 Montanum,
736 3656 934 3754 praeseslum
960 3660 1123 3748 cohortis,
1155 3662 1251 3758 quod

283 3779 341 3850 bic
370 3776 507 3865 Trevir,
541 3777 689 3848 Calenus
717 3778 868 3863 AEduus‚
901 3796 1045 3873 uterque
1077 3777 1251 3851 Vitelliani

285 3894 434 3984 fuerant,
453 3893 602 3966 ostentui
614 3894 748 3967 misere.
797 3893 907 3966 Simul
923 3897 1078 3971 tranfitus
1090 3896 1250 3994 Alpium,
