3000 5144
363 555 431 628 ¹94
531 527 600 620 ¹C.
640 530 904 607 Conuenit
947 531 1149 607 Tacirr

357 702 477 793 Blaeso,
505 703 726 781 aemulatione
744 705 861 799 pravi,
893 704 986 800 qubd
1006 729 1087 778 eum
1104 703 1201 778 omni
1225 706 1331 778 dede·

358 850 437 896 core
465 821 689 912 maculosum,
719 821 857 919 egregiis
872 820 965 895 fama
993 822 1159 910 anteibat,
1188 824 1333 897 cubicu-

359 945 434 1016 lum
462 940 680 1038 lmperatoris
707 939 841 1029 reserat,
876 941 987 1015 filium
1016 939 1088 1038 ejus
1128 944 1200 1015 smu
1233 967 1332 1015 com·

359 1063 496 1157 plexus,
523 1059 720 1156 &genibus
747 1060 933 1133 accidens:
970 1060 1105 1135 causam
1123 1059 1332 1134 confufionis

360 1178 552 1276 quaerenti:
586 1184 612 1221 “
633 1203 703 1249 non
721 1177 753 1250 se
770 1179 911 1275 proprio
933 1201 1041 1270 metu,
1071 1205 1134 1253 nec
1159 1178 1210 1252 sul
1232 1179 1331 1252 anxi·

360 1304 388 1341 “
407 1324 481 1386 um,
508 1297 566 1370 sed
584 1322 648 1391 pro
674 1293 789 1383 fratre,
819 1322 882 1393 pro
909 1298 1022 1371 liberis
1054 1297 1180 1386 statiis,
1214 1323 1331 1394 preces

356 1413 624 1512 “lacrimasque
651 1416 805 1487 attulisse.
855 1415 989 1491 Frustra
1014 1415 1256 1513 Vespasianum
1286 1416 1329 1489 ti-

359 1544 387 1579 “
407 1536 504 1624 meti,
534 1560 640 1631 quem
664 1555 715 1607 tot
732 1535 947 1611 Germanicae
976 1536 1144 1634 legiones,
1174 1556 1226 1608 tot
1249 1561 1331 1631 pro·

362 1663 389 1698 “
410 1655 530 1728 vinciae
549 1653 674 1726 virtute
691 1678 731 1725 ac
747 1655 829 1742 fide,
849 1674 984 1727 tantum
997 1655 1147 1750 denique
1164 1674 1333 1731 terrarum

359 1783 387 1826 ⁴‘
406 1801 445 1847 ac
476 1773 576 1847 maris
595 1773 767 1845 immensis
792 1772 903 1870 spatiis
927 1796 1050 1853 arceat.
1100 1777 1140 1846 ln
1168 1776 1268 1848 Urbe
1289 1800 1331 1848 ac

362 1901 389 1943 “
417 1899 488 1966 smu
517 1894 712 1970 cavendum
745 1892 892 1980 hostem,
930 1893 1054 1987 Junios
1087 1892 1330 1991 Antoniosque

366 2020 395 2056 “
413 2039 495 2088 avos
506 2011 711 2108 jactantem,
730 2012 788 2108 qui
804 2013 836 2085 se
849 2012 952 2108 stirpe
968 2012 1181 2108 imperatorii
1194 2038 1333 2086 comem

359 2139 386 2175 “
403 2158 442 2205 ac
460 2133 685 2227 magnificum
710 2131 878 2212 militibus
904 2131 1057 2205 ostentet.
1107 2129 1225 2207 Versas
1248 2130 1332 2211 illuc

361 2251 565 2324 “omnium
583 2269 728 2338 mentes,
760 2250 845 2322 dum
863 2249 1022 2323 Vitellius
1049 2250 1242 2323 amicorum
1267 2249 1334 2322 ini·

361 2377 389 2412 “
407 2369 649 2464 micorumque
677 2368 869 2465 negligens,
906 2367 1001 2442 fovet
1025 2354 1204 2460 amulum,
1231 2368 1331 2445 Prin·

364 2488 495 2586 “cipis
521 2489 688 2560 laborese
711 2487 872 2560 convivio
897 2487 1181 2585 prospedantem.
1231 2488 1331 2567 Red-

361 2615 388 2651 “
406 2609 556 2681 dendam
587 2632 648 2704 pro
688 2605 929 2702 intempestivi
965 2608 1079 2684 latitia
1111 2607 1264 2683 maestam
1296 2613 1332 2683 &-

340 2732 385 2770 '“
404 2727 583 2800 funebrem
612 2727 765 2814 nossem,
791 2729 859 2822 qua
894 2724 1036 2801 sciat&
1064 2726 1183 2803 sentiat
1215 2726 1331 2800 vivere

358 2854 385 2889 “
404 2846 599 2934 Vitellium,
633 2845 864 2940 &imperate,
892 2849 924 2919 ἃ
943 2846 1063 2944 siquid
1093 2845 1164 2920 sato
1180 2844 1329 2935 accidat,

358 2974 386 3008 “
405 2967 516 3038 filium
534 2966 693 3037 habete.''

406 3086 581 3158 XXXIX.
607 3086 864 3158 Taarrnnurr
884 3085 973 3158 inter
990 3085 1096 3159 scelus
1112 3106 1329 3182 metumque,

360 3231 403 3277 ne
420 3204 525 3276 dilata
546 3204 639 3275 Blaefi
669 3229 763 3274 mors
792 3224 960 3277 maturam
985 3205 1185 3301 perniciem,
1216 3206 1332 3301 palam

353 3322 443 3421 jussa
461 3344 610 3394 atrocem
630 3321 794 3394 invidiam
812 3320 923 3412 ferret,
944 3324 1071 3419 placuit
1090 3350 1223 3399 veneno
1240 3321 1330 3422 gras·

358 3441 431 3513 sari.
483 3440 631 3512 Addidit
644 3438 784 3513 facinori
803 3443 923 3531 fidem,
955 3442 1063 3516 nobili
1082 3444 1223 3540 gaudi0,
1241 3445 1329 3518 Blae-

358 3560 432 3633 sum
449 3557 614 3631 visendo:
647 3560 732 3655 quin
752 3567 784 3634 a
802 3561 919 3634 audita
936 3563 982 3634 est
1008 3561 1182 3635 saevissrma
1198 3560 1331 3636 Vitellii

358 3705 443 3767 vox,
462 3682 529 3774 quai
545 3686 570 3719 “
585 3677 640 3749 se''
659 3679 748 3774 (ipsa
759 3683 853 3754 enim
864 3685 970 3754 verba
983 3679 1146 3774 reseram)
1163 3681 1333 3777 “pavisse

364 3806 391 3840 “
410 3799 542 3885 ocul05,
561 3796 706 3893 speslatai
725 3798 856 3873 inimici
874 3800 1181 3898 morte,’'jasiavit.
1223 3800 1331 3874 Blaeso

358 3915 457 4014 super
473 3915 659 3990 claritatem
682 3918 860 4013 natalium,
891 3920 1149 4019 &elegantiam
1172 3945 1328 4013 morum,
