<?xml version="1.0" encoding="UTF-8"?>
<!DOCTYPE html PUBLIC "-//W3C//DTD XHTML 1.0 Transitional//EN"
    "http://www.w3.org/TR/xhtml1/DTD/xhtml1-transitional.dtd">
<html xmlns="http://www.w3.org/1999/xhtml" xml:lang="en" lang="en">
 <head>
  <title>
</title>
<meta http-equiv="Content-Type" content="text/html;charset=utf-8" />
  <meta name='ocr-system' content='tesseract 3.04.00' />
  <meta name='ocr-capabilities' content='ocr_page ocr_carea ocr_par ocr_line ocrx_word'/>
</head>
<body>
  <div class='ocr_page' id='page_1' title='image "./ccorneliitaciti02ernegoog_0016.png"; bbox 0 0 3000 5144; ppageno 0'>
   <div class='ocr_carea' id='block_1_1' title="bbox 442 529 1231 629">
    <p class='ocr_par' dir='ltr' id='par_1_1' title="bbox 442 529 1231 629">
     <span class='ocr_line' id='line_1_1' title="bbox 442 529 1231 629; baseline -0.005 -23"><span class='ocrx_word' id='word_1_1' title='bbox 442 531 835 606; x_wconf 78' lang='lat' dir='ltr'>Hrsronrnnnn</span> <span class='ocrx_word' id='word_1_2' title='bbox 876 530 984 603; x_wconf 85' lang='lat' dir='ltr'>L1n.</span> <span class='ocrx_word' id='word_1_3' title='bbox 1018 529 1046 603; x_wconf 93' lang='grc' dir='ltr'>Ι.</span> <span class='ocrx_word' id='word_1_4' title='bbox 1211 550 1231 629; x_wconf 87' lang='lat'>7</span> 
     </span>
    </p>
   </div>
   <div class='ocr_carea' id='block_1_2' title="bbox 160 700 1237 3899">
    <p class='ocr_par' dir='ltr' id='par_1_2' title="bbox 262 700 1232 1515">
     <span class='ocr_line' id='line_1_2' title="bbox 262 700 1230 800; baseline -0.006 -21"><span class='ocrx_word' id='word_1_5' title='bbox 262 706 318 780; x_wconf 89' lang='lat' dir='ltr'>alii</span> <span class='ocrx_word' id='word_1_6' title='bbox 335 700 570 778; x_wconf 83' lang='lat' dir='ltr'>sacerdotia&amp;</span> <span class='ocrx_word' id='word_1_7' title='bbox 588 703 791 792; x_wconf 87' lang='lat' dir='ltr'>consulatus,</span> <span class='ocrx_word' id='word_1_8' title='bbox 810 722 849 775; x_wconf 91' lang='lat' dir='ltr'>ut</span> <span class='ocrx_word' id='word_1_9' title='bbox 861 701 979 800; x_wconf 87' lang='lat' dir='ltr'>spolia,</span> <span class='ocrx_word' id='word_1_10' title='bbox 996 702 1126 798; x_wconf 88' lang='lat' dir='ltr'>adepti,</span> <span class='ocrx_word' id='word_1_11' title='bbox 1150 727 1230 796; x_wconf 83' lang='lat' dir='ltr'>pro-</span> 
     </span>
     <span class='ocr_line' id='line_1_3' title="bbox 263 822 1229 919; baseline -0.005 -22"><span class='ocrx_word' id='word_1_12' title='bbox 263 823 453 898; x_wconf 82' lang='lat' dir='ltr'>curationes</span> <span class='ocrx_word' id='word_1_13' title='bbox 475 823 546 909; x_wconf 90' lang='lat' dir='ltr'>alii,</span> <span class='ocrx_word' id='word_1_14' title='bbox 573 829 606 895; x_wconf 80' lang='lat' dir='ltr'>lle</span> <span class='ocrx_word' id='word_1_15' title='bbox 632 822 826 894; x_wconf 91' lang='lat' dir='ltr'>interiorem</span> <span class='ocrx_word' id='word_1_16' title='bbox 851 822 1055 918; x_wconf 91' lang='lat' dir='ltr'>potentiam,</span> <span class='ocrx_word' id='word_1_17' title='bbox 1075 838 1229 919; x_wconf 83' lang='lat' dir='ltr'>agerent,</span> 
     </span>
     <span class='ocr_line' id='line_1_4' title="bbox 262 940 1230 1036; baseline -0.004 -21"><span class='ocrx_word' id='word_1_18' title='bbox 262 942 388 1015; x_wconf 87' lang='lat' dir='ltr'>ferrent</span> <span class='ocrx_word' id='word_1_19' title='bbox 405 944 537 1014; x_wconf 74' lang='lat' dir='ltr'>consta.</span> <span class='ocrx_word' id='word_1_20' title='bbox 587 942 680 1013; x_wconf 93' lang='lat' dir='ltr'>Odio</span> <span class='ocrx_word' id='word_1_21' title='bbox 700 944 733 1011; x_wconf 79' lang='lat' dir='ltr'>dc</span> <span class='ocrx_word' id='word_1_22' title='bbox 750 961 878 1013; x_wconf 88' lang='lat' dir='ltr'>terrore</span> <span class='ocrx_word' id='word_1_23' title='bbox 894 941 1048 1036; x_wconf 84' lang='lat' dir='ltr'>corrupti</span> <span class='ocrx_word' id='word_1_24' title='bbox 1066 940 1100 1011; x_wconf 93' lang='lat' dir='ltr'>in</span> <span class='ocrx_word' id='word_1_25' title='bbox 1114 940 1230 1012; x_wconf 92' lang='lat' dir='ltr'>domi·</span> 
     </span>
     <span class='ocr_line' id='line_1_5' title="bbox 262 1058 1232 1155; baseline -0.005 -20"><span class='ocrx_word' id='word_1_26' title='bbox 262 1086 325 1135; x_wconf 90' lang='lat' dir='ltr'>nos</span> <span class='ocrx_word' id='word_1_27' title='bbox 348 1060 449 1149; x_wconf 85' lang='lat' dir='ltr'>servi,</span> <span class='ocrx_word' id='word_1_28' title='bbox 471 1059 507 1131; x_wconf 92' lang='lat' dir='ltr'>in</span> <span class='ocrx_word' id='word_1_29' title='bbox 535 1080 698 1155; x_wconf 91' lang='lat' dir='ltr'>patronos</span> <span class='ocrx_word' id='word_1_30' title='bbox 728 1058 864 1133; x_wconf 90' lang='lat' dir='ltr'>liberti:</span> <span class='ocrx_word' id='word_1_31' title='bbox 897 1065 930 1131; x_wconf 87' lang='lat'>&amp;</span> <span class='ocrx_word' id='word_1_32' title='bbox 960 1059 1085 1155; x_wconf 91' lang='lat' dir='ltr'>quibus</span> <span class='ocrx_word' id='word_1_33' title='bbox 1117 1061 1232 1131; x_wconf 90' lang='lat' dir='ltr'>deerat</span> 
     </span>
     <span class='ocr_line' id='line_1_6' title="bbox 262 1174 1230 1275; baseline -0.004 -23"><span class='ocrx_word' id='word_1_34' title='bbox 262 1180 436 1268; x_wconf 89' lang='lat' dir='ltr'>inimicus,</span> <span class='ocrx_word' id='word_1_35' title='bbox 464 1204 524 1275; x_wconf 92' lang='lat' dir='ltr'>per</span> <span class='ocrx_word' id='word_1_36' title='bbox 544 1179 675 1250; x_wconf 87' lang='lat' dir='ltr'>amicos</span> <span class='ocrx_word' id='word_1_37' title='bbox 699 1180 858 1274; x_wconf 81' lang='lat' dir='ltr'>oppressi.</span> <span class='ocrx_word' id='word_1_38' title='bbox 907 1174 994 1249; x_wconf 87' lang='lat' dir='ltr'>Non</span> <span class='ocrx_word' id='word_1_39' title='bbox 1011 1198 1127 1248; x_wconf 88' lang='lat' dir='ltr'>tamen</span> <span class='ocrx_word' id='word_1_40' title='bbox 1144 1176 1230 1250; x_wconf 84' lang='lat' dir='ltr'>aded</span> 
     </span>
     <span class='ocr_line' id='line_1_7' title="bbox 262 1294 1231 1392; baseline -0.004 -20"><span class='ocrx_word' id='word_1_41' title='bbox 262 1300 432 1372; x_wconf 86' lang='lat' dir='ltr'>virtutum</span> <span class='ocrx_word' id='word_1_42' title='bbox 450 1299 561 1371; x_wconf 89' lang='lat' dir='ltr'>sterile</span> <span class='ocrx_word' id='word_1_43' title='bbox 578 1298 755 1388; x_wconf 84' lang='lat' dir='ltr'>saeculum,</span> <span class='ocrx_word' id='word_1_44' title='bbox 774 1307 896 1369; x_wconf 86' lang='lat' dir='ltr'>utnon</span> <span class='ocrx_word' id='word_1_45' title='bbox 915 1303 948 1368; x_wconf 74' lang='grc' dir='ltr'>δι</span> <span class='ocrx_word' id='word_1_46' title='bbox 967 1300 1057 1369; x_wconf 91' lang='lat' dir='ltr'>bona</span> <span class='ocrx_word' id='word_1_47' title='bbox 1069 1294 1231 1392; x_wconf 81' lang='lat' dir='ltr'>exempla</span> 
     </span>
     <span class='ocr_line' id='line_1_8' title="bbox 265 1418 469 1515; baseline -0.005 -25"><span class='ocrx_word' id='word_1_48' title='bbox 265 1418 469 1515; x_wconf 84' lang='lat' dir='ltr'>prodiderit.</span> 
     </span>
    </p>

    <p class='ocr_par' dir='ltr' id='par_1_3' title="bbox 160 1533 1237 3060">
     <span class='ocr_line' id='line_1_9' title="bbox 312 1533 1231 1634; baseline -0.003 -23"><span class='ocrx_word' id='word_1_49' title='bbox 312 1538 631 1612; x_wconf 77' lang='lat' dir='ltr'>lll.Conr1rArrs</span> <span class='ocrx_word' id='word_1_50' title='bbox 659 1535 823 1634; x_wconf 85' lang='lat' dir='ltr'>profugos</span> <span class='ocrx_word' id='word_1_51' title='bbox 853 1537 976 1609; x_wconf 89' lang='lat' dir='ltr'>liberos</span> <span class='ocrx_word' id='word_1_52' title='bbox 1004 1555 1152 1609; x_wconf 91' lang='lat' dir='ltr'>matres:</span> <span class='ocrx_word' id='word_1_53' title='bbox 1183 1533 1231 1608; x_wconf 88' lang='lat' dir='ltr'>se·</span> 
     </span>
     <span class='ocr_line' id='line_1_10' title="bbox 262 1654 1229 1754; baseline -0.003 -24"><span class='ocrx_word' id='word_1_54' title='bbox 262 1677 350 1731; x_wconf 84' lang='lat' dir='ltr'>cutae</span> <span class='ocrx_word' id='word_1_55' title='bbox 374 1657 513 1730; x_wconf 89' lang='lat' dir='ltr'>maritos</span> <span class='ocrx_word' id='word_1_56' title='bbox 535 1656 571 1727; x_wconf 92' lang='lat' dir='ltr'>in</span> <span class='ocrx_word' id='word_1_57' title='bbox 600 1657 715 1729; x_wconf 76' lang='lat' dir='ltr'>exsilia</span> <span class='ocrx_word' id='word_1_58' title='bbox 739 1654 926 1754; x_wconf 84' lang='lat' dir='ltr'>conjuges:</span> <span class='ocrx_word' id='word_1_59' title='bbox 955 1655 1144 1752; x_wconf 91' lang='lat' dir='ltr'>propinqui</span> <span class='ocrx_word' id='word_1_60' title='bbox 1168 1680 1229 1727; x_wconf 91' lang='lat' dir='ltr'>au-</span> 
     </span>
     <span class='ocr_line' id='line_1_11' title="bbox 263 1774 1231 1874; baseline -0.004 -25"><span class='ocrx_word' id='word_1_61' title='bbox 263 1778 405 1850; x_wconf 87' lang='lat' dir='ltr'>dentes:</span> <span class='ocrx_word' id='word_1_62' title='bbox 439 1776 629 1848; x_wconf 87' lang='lat' dir='ltr'>constantes</span> <span class='ocrx_word' id='word_1_63' title='bbox 648 1775 787 1874; x_wconf 87' lang='lat' dir='ltr'>generi:</span> <span class='ocrx_word' id='word_1_64' title='bbox 817 1795 1020 1861; x_wconf 79' lang='lat' dir='ltr'>contumax,</span> <span class='ocrx_word' id='word_1_65' title='bbox 1049 1774 1152 1845; x_wconf 90' lang='lat' dir='ltr'>etiam</span> <span class='ocrx_word' id='word_1_66' title='bbox 1168 1774 1231 1846; x_wconf 91' lang='lat' dir='ltr'>ad·</span> 
     </span>
     <span class='ocr_line' id='line_1_12' title="bbox 263 1892 1230 1989; baseline -0.003 -22"><span class='ocrx_word' id='word_1_67' title='bbox 263 1897 378 1968; x_wconf 74' lang='lat' dir='ltr'>versus</span> <span class='ocrx_word' id='word_1_68' title='bbox 406 1915 587 1985; x_wconf 90' lang='lat' dir='ltr'>tormenta,</span> <span class='ocrx_word' id='word_1_69' title='bbox 616 1893 793 1967; x_wconf 90' lang='lat' dir='ltr'>servorum</span> <span class='ocrx_word' id='word_1_70' title='bbox 829 1895 935 1966; x_wconf 87' lang='lat' dir='ltr'>fides:</span> <span class='ocrx_word' id='word_1_71' title='bbox 967 1892 1132 1989; x_wconf 77' lang='lat' dir='ltr'>supremae</span> <span class='ocrx_word' id='word_1_72' title='bbox 1162 1896 1230 1965; x_wconf 90' lang='lat' dir='ltr'>cla-</span> 
     </span>
     <span class='ocr_line' id='line_1_13' title="bbox 263 2010 1233 2108; baseline -0.002 -21"><span class='ocrx_word' id='word_1_73' title='bbox 263 2041 379 2088; x_wconf 90' lang='lat' dir='ltr'>rorum</span> <span class='ocrx_word' id='word_1_74' title='bbox 397 2014 550 2087; x_wconf 88' lang='lat' dir='ltr'>virorum</span> <span class='ocrx_word' id='word_1_75' title='bbox 567 2017 799 2087; x_wconf 75' lang='lat' dir='ltr'>necessitates:</span> <span class='ocrx_word' id='word_1_76' title='bbox 824 2010 894 2108; x_wconf 90' lang='lat' dir='ltr'>ipsa</span> <span class='ocrx_word' id='word_1_77' title='bbox 911 2015 1081 2084; x_wconf 87' lang='lat' dir='ltr'>neceslitas</span> <span class='ocrx_word' id='word_1_78' title='bbox 1102 2011 1233 2085; x_wconf 89' lang='lat' dir='ltr'>sortiter</span> 
     </span>
     <span class='ocr_line' id='line_1_14' title="bbox 262 2131 1231 2230; baseline 0 -25"><span class='ocrx_word' id='word_1_79' title='bbox 262 2136 428 2230; x_wconf 82' lang='lat' dir='ltr'>tolerata:</span> <span class='ocrx_word' id='word_1_80' title='bbox 461 2138 494 2206; x_wconf 79' lang='grc' dir='ltr'>δι</span> <span class='ocrx_word' id='word_1_81' title='bbox 519 2133 663 2206; x_wconf 90' lang='lat' dir='ltr'>laudatis</span> <span class='ocrx_word' id='word_1_82' title='bbox 687 2133 909 2230; x_wconf 89' lang='lat' dir='ltr'>antiquorum</span> <span class='ocrx_word' id='word_1_83' title='bbox 933 2131 1105 2204; x_wconf 89' lang='lat' dir='ltr'>mortibus</span> <span class='ocrx_word' id='word_1_84' title='bbox 1134 2158 1231 2228; x_wconf 90' lang='lat' dir='ltr'>pares</span> 
     </span>
     <span class='ocr_line' id='line_1_15' title="bbox 260 2252 1237 2349; baseline 0.001 -25"><span class='ocrx_word' id='word_1_85' title='bbox 260 2252 384 2325; x_wconf 86' lang='lat' dir='ltr'>exitus.</span> <span class='ocrx_word' id='word_1_86' title='bbox 448 2255 576 2324; x_wconf 85' lang='lat' dir='ltr'>Praeter</span> <span class='ocrx_word' id='word_1_87' title='bbox 609 2252 816 2349; x_wconf 85' lang='lat' dir='ltr'>multiplices</span> <span class='ocrx_word' id='word_1_88' title='bbox 857 2275 972 2324; x_wconf 86' lang='lat' dir='ltr'>rerum</span> <span class='ocrx_word' id='word_1_89' title='bbox 1005 2253 1237 2325; x_wconf 87' lang='lat' dir='ltr'>humanarum</span> 
     </span>
     <span class='ocr_line' id='line_1_16' title="bbox 160 2370 1230 2472; baseline -0.002 -27"><span class='ocrx_word' id='word_1_90' title='bbox 160 2456 165 2472; x_wconf 36' lang='grc'>1</span> <span class='ocrx_word' id='word_1_91' title='bbox 260 2371 368 2461; x_wconf 89' lang='lat' dir='ltr'>casus,</span> <span class='ocrx_word' id='word_1_92' title='bbox 396 2373 482 2443; x_wconf 85' lang='lat' dir='ltr'>caelo</span> <span class='ocrx_word' id='word_1_93' title='bbox 506 2373 662 2468; x_wconf 66' lang='lat' dir='ltr'>terraique</span> <span class='ocrx_word' id='word_1_94' title='bbox 687 2370 859 2467; x_wconf 84' lang='lat' dir='ltr'>prodigia,</span> <span class='ocrx_word' id='word_1_95' title='bbox 890 2373 923 2441; x_wconf 74' lang='grc' dir='ltr'>δι</span> <span class='ocrx_word' id='word_1_96' title='bbox 951 2370 1136 2443; x_wconf 85' lang='lat' dir='ltr'>fulminum</span> <span class='ocrx_word' id='word_1_97' title='bbox 1153 2395 1230 2443; x_wconf 89' lang='lat' dir='ltr'>mo·</span> 
     </span>
     <span class='ocr_line' id='line_1_17' title="bbox 261 2488 1232 2587; baseline -0.003 -23"><span class='ocrx_word' id='word_1_98' title='bbox 261 2490 364 2579; x_wconf 89' lang='lat' dir='ltr'>nitus,</span> <span class='ocrx_word' id='word_1_99' title='bbox 384 2495 418 2565; x_wconf 74' lang='grc' dir='ltr'>δι</span> <span class='ocrx_word' id='word_1_100' title='bbox 443 2488 636 2562; x_wconf 86' lang='lat' dir='ltr'>futurorum</span> <span class='ocrx_word' id='word_1_101' title='bbox 661 2488 834 2587; x_wconf 75' lang='lat' dir='ltr'>prasagia,</span> <span class='ocrx_word' id='word_1_102' title='bbox 862 2492 950 2578; x_wconf 87' lang='lat' dir='ltr'>laeta,</span> <span class='ocrx_word' id='word_1_103' title='bbox 973 2489 1092 2579; x_wconf 88' lang='lat' dir='ltr'>tristia,</span> <span class='ocrx_word' id='word_1_104' title='bbox 1119 2489 1232 2563; x_wconf 88' lang='lat' dir='ltr'>ambi-</span> 
     </span>
     <span class='ocr_line' id='line_1_18' title="bbox 262 2603 1231 2708; baseline 0.001 -27"><span class='ocrx_word' id='word_1_105' title='bbox 262 2635 345 2708; x_wconf 81' lang='lat' dir='ltr'>gna,</span> <span class='ocrx_word' id='word_1_106' title='bbox 365 2603 553 2681; x_wconf 86' lang='lat' dir='ltr'>manifesta.</span> <span class='ocrx_word' id='word_1_107' title='bbox 603 2611 681 2681; x_wconf 87' lang='lat' dir='ltr'>Nec</span> <span class='ocrx_word' id='word_1_108' title='bbox 698 2608 791 2682; x_wconf 88' lang='lat' dir='ltr'>enim</span> <span class='ocrx_word' id='word_1_109' title='bbox 815 2631 985 2705; x_wconf 91' lang='lat' dir='ltr'>umquam</span> <span class='ocrx_word' id='word_1_110' title='bbox 1007 2609 1231 2682; x_wconf 80' lang='lat' dir='ltr'>atrocioribus</span> 
     </span>
     <span class='ocr_line' id='line_1_19' title="bbox 263 2726 1233 2825; baseline -0.001 -25"><span class='ocrx_word' id='word_1_111' title='bbox 263 2728 386 2825; x_wconf 88' lang='lat' dir='ltr'>populi</span> <span class='ocrx_word' id='word_1_112' title='bbox 417 2727 570 2801; x_wconf 88' lang='lat' dir='ltr'>Romani</span> <span class='ocrx_word' id='word_1_113' title='bbox 595 2727 765 2816; x_wconf 87' lang='lat' dir='ltr'>cladibus,</span> <span class='ocrx_word' id='word_1_114' title='bbox 799 2726 951 2825; x_wconf 83' lang='lat' dir='ltr'>magisve</span> <span class='ocrx_word' id='word_1_115' title='bbox 973 2726 1073 2822; x_wconf 87' lang='lat' dir='ltr'>justis</span> <span class='ocrx_word' id='word_1_116' title='bbox 1096 2728 1233 2801; x_wconf 90' lang='lat' dir='ltr'>indiciis</span> 
     </span>
     <span class='ocr_line' id='line_1_20' title="bbox 263 2847 1231 2944; baseline 0.002 -24"><span class='ocrx_word' id='word_1_117' title='bbox 263 2849 490 2944; x_wconf 83' lang='lat' dir='ltr'>adprobatum</span> <span class='ocrx_word' id='word_1_118' title='bbox 520 2849 580 2936; x_wconf 90' lang='lat' dir='ltr'>est,</span> <span class='ocrx_word' id='word_1_119' title='bbox 612 2873 683 2920; x_wconf 94' lang='lat' dir='ltr'>non</span> <span class='ocrx_word' id='word_1_120' title='bbox 709 2850 776 2919; x_wconf 87' lang='lat' dir='ltr'>elle</span> <span class='ocrx_word' id='word_1_121' title='bbox 803 2872 892 2921; x_wconf 83' lang='lat' dir='ltr'>curae</span> <span class='ocrx_word' id='word_1_122' title='bbox 916 2847 989 2919; x_wconf 90' lang='lat' dir='ltr'>deis</span> <span class='ocrx_word' id='word_1_123' title='bbox 1016 2847 1231 2922; x_wconf 83' lang='lat' dir='ltr'>securitatem</span> 
     </span>
     <span class='ocr_line' id='line_1_21' title="bbox 264 2967 714 3060; baseline 0 -22"><span class='ocrx_word' id='word_1_124' title='bbox 264 2967 426 3054; x_wconf 90' lang='lat' dir='ltr'>nostram,</span> <span class='ocrx_word' id='word_1_125' title='bbox 446 2969 512 3038; x_wconf 91' lang='lat' dir='ltr'>esl&#39;e</span> <span class='ocrx_word' id='word_1_126' title='bbox 528 2967 714 3060; x_wconf 59' lang='lat' dir='ltr'>unionem,</span> 
     </span>
    </p>

    <p class='ocr_par' dir='ltr' id='par_1_4' title="bbox 260 3087 1232 3899">
     <span class='ocr_line' id='line_1_22' title="bbox 311 3087 1232 3183; baseline 0.002 -26"><span class='ocrx_word' id='word_1_127' title='bbox 311 3088 372 3157; x_wconf 91' lang='lat' dir='ltr'>lV.</span> <span class='ocrx_word' id='word_1_128' title='bbox 398 3087 593 3158; x_wconf 77' lang='lat' dir='ltr'>Curnnuu</span> <span class='ocrx_word' id='word_1_129' title='bbox 611 3104 795 3181; x_wconf 84' lang='lat' dir='ltr'>antequam</span> <span class='ocrx_word' id='word_1_130' title='bbox 824 3087 987 3159; x_wconf 87' lang='lat' dir='ltr'>destinata</span> <span class='ocrx_word' id='word_1_131' title='bbox 1008 3111 1232 3183; x_wconf 90' lang='lat' dir='ltr'>componam,</span> 
     </span>
     <span class='ocr_line' id='line_1_23' title="bbox 263 3204 1230 3302; baseline 0 -23"><span class='ocrx_word' id='word_1_132' title='bbox 263 3205 489 3302; x_wconf 89' lang='lat' dir='ltr'>repetendum</span> <span class='ocrx_word' id='word_1_133' title='bbox 522 3204 669 3293; x_wconf 88' lang='lat' dir='ltr'>videtur,</span> <span class='ocrx_word' id='word_1_134' title='bbox 710 3205 819 3300; x_wconf 86' lang='lat' dir='ltr'>qualis</span> <span class='ocrx_word' id='word_1_135' title='bbox 858 3206 962 3277; x_wconf 89' lang='lat' dir='ltr'>status</span> <span class='ocrx_word' id='word_1_136' title='bbox 995 3206 1118 3296; x_wconf 91' lang='lat' dir='ltr'>Urbis,</span> <span class='ocrx_word' id='word_1_137' title='bbox 1150 3233 1230 3302; x_wconf 87' lang='lat' dir='ltr'>quae</span> 
     </span>
     <span class='ocr_line' id='line_1_24' title="bbox 262 3323 1232 3421; baseline -0.002 -23"><span class='ocrx_word' id='word_1_138' title='bbox 262 3350 359 3398; x_wconf 91' lang='lat' dir='ltr'>mens</span> <span class='ocrx_word' id='word_1_139' title='bbox 375 3324 603 3412; x_wconf 87' lang='lat' dir='ltr'>exercituum,</span> <span class='ocrx_word' id='word_1_140' title='bbox 616 3323 692 3420; x_wconf 86' lang='lat' dir='ltr'>quis</span> <span class='ocrx_word' id='word_1_141' title='bbox 706 3324 842 3395; x_wconf 91' lang='lat' dir='ltr'>habitus</span> <span class='ocrx_word' id='word_1_142' title='bbox 856 3324 1126 3420; x_wconf 87' lang='lat' dir='ltr'>provinciarum,</span> <span class='ocrx_word' id='word_1_143' title='bbox 1145 3325 1232 3421; x_wconf 90' lang='lat' dir='ltr'>quid</span> 
     </span>
     <span class='ocr_line' id='line_1_25' title="bbox 261 3441 1229 3540; baseline 0 -24"><span class='ocrx_word' id='word_1_144' title='bbox 261 3444 297 3516; x_wconf 90' lang='lat' dir='ltr'>in</span> <span class='ocrx_word' id='word_1_145' title='bbox 320 3464 393 3517; x_wconf 90' lang='lat' dir='ltr'>toto</span> <span class='ocrx_word' id='word_1_146' title='bbox 415 3463 580 3516; x_wconf 88' lang='lat' dir='ltr'>terrarum</span> <span class='ocrx_word' id='word_1_147' title='bbox 602 3445 686 3514; x_wconf 92' lang='lat' dir='ltr'>orbe</span> <span class='ocrx_word' id='word_1_148' title='bbox 703 3443 872 3531; x_wconf 91' lang='lat' dir='ltr'>validum,</span> <span class='ocrx_word' id='word_1_149' title='bbox 901 3442 985 3539; x_wconf 90' lang='lat' dir='ltr'>qnid</span> <span class='ocrx_word' id='word_1_150' title='bbox 1008 3468 1138 3540; x_wconf 77' lang='lat' dir='ltr'>agrum</span> <span class='ocrx_word' id='word_1_151' title='bbox 1155 3441 1229 3516; x_wconf 90' lang='lat' dir='ltr'>fue-</span> 
     </span>
     <span class='ocr_line' id='line_1_26' title="bbox 260 3560 1232 3662; baseline 0.001 -27"><span class='ocrx_word' id='word_1_152' title='bbox 260 3562 324 3635; x_wconf 89' lang='lat' dir='ltr'>rit:</span> <span class='ocrx_word' id='word_1_153' title='bbox 351 3583 390 3636; x_wconf 94' lang='lat' dir='ltr'>ut</span> <span class='ocrx_word' id='word_1_154' title='bbox 423 3587 494 3635; x_wconf 91' lang='lat' dir='ltr'>non</span> <span class='ocrx_word' id='word_1_155' title='bbox 522 3561 629 3634; x_wconf 80' lang='lat' dir='ltr'>modo</span> <span class='ocrx_word' id='word_1_156' title='bbox 657 3560 750 3634; x_wconf 90' lang='lat' dir='ltr'>casus</span> <span class='ocrx_word' id='word_1_157' title='bbox 777 3561 985 3658; x_wconf 89' lang='lat' dir='ltr'>eventusque</span> <span class='ocrx_word' id='word_1_158' title='bbox 1012 3588 1139 3653; x_wconf 90' lang='lat' dir='ltr'>rerum,</span> <span class='ocrx_word' id='word_1_159' title='bbox 1169 3564 1232 3662; x_wconf 90' lang='lat' dir='ltr'>qui</span> 
     </span>
     <span class='ocr_line' id='line_1_27' title="bbox 263 3679 1230 3781; baseline 0.003 -28"><span class='ocrx_word' id='word_1_160' title='bbox 263 3684 464 3781; x_wconf 85' lang='lat' dir='ltr'>plerumque</span> <span class='ocrx_word' id='word_1_161' title='bbox 482 3680 610 3753; x_wconf 86' lang='lat' dir='ltr'>fortuiti</span> <span class='ocrx_word' id='word_1_162' title='bbox 627 3679 716 3769; x_wconf 89' lang='lat' dir='ltr'>sunt,</span> <span class='ocrx_word' id='word_1_163' title='bbox 742 3679 800 3753; x_wconf 84' lang='lat' dir='ltr'>sed</span> <span class='ocrx_word' id='word_1_164' title='bbox 818 3681 903 3753; x_wconf 88' lang='lat' dir='ltr'>ratio</span> <span class='ocrx_word' id='word_1_165' title='bbox 921 3682 1023 3754; x_wconf 89' lang='lat' dir='ltr'>etiam</span> <span class='ocrx_word' id='word_1_166' title='bbox 1053 3682 1230 3781; x_wconf 87' lang='lat' dir='ltr'>causaeqne</span> 
     </span>
     <span class='ocr_line' id='line_1_28' title="bbox 262 3799 1229 3899; baseline 0.003 -27"><span class='ocrx_word' id='word_1_167' title='bbox 262 3799 452 3873; x_wconf 86' lang='lat' dir='ltr'>noscantur.</span> <span class='ocrx_word' id='word_1_168' title='bbox 503 3799 596 3872; x_wconf 91' lang='lat' dir='ltr'>Finis</span> <span class='ocrx_word' id='word_1_169' title='bbox 615 3799 764 3871; x_wconf 89' lang='lat' dir='ltr'>Neronis</span> <span class='ocrx_word' id='word_1_170' title='bbox 779 3820 817 3871; x_wconf 94' lang='lat' dir='ltr'>ut</span> <span class='ocrx_word' id='word_1_171' title='bbox 836 3802 930 3873; x_wconf 85' lang='lat' dir='ltr'>laetus</span> <span class='ocrx_word' id='word_1_172' title='bbox 947 3800 1061 3897; x_wconf 90' lang='lat' dir='ltr'>primo</span> <span class='ocrx_word' id='word_1_173' title='bbox 1075 3804 1229 3899; x_wconf 84' lang='lat' dir='ltr'>gauden-</span> 
     </span>
    </p>
   </div>
   <div class='ocr_carea' id='block_1_3' title="bbox 262 3918 1227 4129">
    <p class='ocr_par' dir='ltr' id='par_1_5' title="bbox 262 3918 1227 4129">
     <span class='ocr_line' id='line_1_29' title="bbox 262 3918 1227 4018; baseline 0.007 -30"><span class='ocrx_word' id='word_1_174' title='bbox 262 3919 349 3994; x_wconf 91' lang='lat' dir='ltr'>tium</span> <span class='ocrx_word' id='word_1_175' title='bbox 377 3920 511 4018; x_wconf 91' lang='lat' dir='ltr'>impetu</span> <span class='ocrx_word' id='word_1_176' title='bbox 528 3918 651 4009; x_wconf 86' lang='lat' dir='ltr'>suerat,</span> <span class='ocrx_word' id='word_1_177' title='bbox 682 3918 728 3990; x_wconf 88' lang='lat' dir='ltr'>ita</span> <span class='ocrx_word' id='word_1_178' title='bbox 752 3919 865 3995; x_wconf 82' lang='lat' dir='ltr'>varios</span> <span class='ocrx_word' id='word_1_179' title='bbox 886 3940 1001 3994; x_wconf 88' lang='lat' dir='ltr'>motus</span> <span class='ocrx_word' id='word_1_180' title='bbox 1018 3921 1227 4011; x_wconf 88' lang='lat' dir='ltr'>animorum,</span> 
     </span>
     <span class='ocr_line' id='line_1_30' title="bbox 709 4041 777 4129; baseline 0 0"><span class='ocrx_word' id='word_1_181' title='bbox 709 4041 736 4109; x_wconf 82' lang='lat' dir='ltr'>B</span> <span class='ocrx_word' id='word_1_182' title='bbox 753 4065 777 4129; x_wconf 90' lang='lat'>4</span> 
     </span>
    </p>
   </div>
   <div class='ocr_carea' id='block_1_4' title="bbox 0 0 1504 5144">
    <p class='ocr_par' dir='ltr' id='par_1_6' title="bbox 0 0 1504 5144">
     <span class='ocr_line' id='line_1_31' title="bbox 0 0 1504 5144; baseline 0 0"><span class='ocrx_word' id='word_1_183' title='bbox 0 0 1504 5144; x_wconf 95' lang='lat' dir='ltr'> </span> 
     </span>
    </p>
   </div>
  </div>
 </body>
</html>
