3000 5144
357 562 753 637 Hrsroxtnnuu
795 563 905 635 Ltn.
944 560 974 632 Ι.
1119 586 1166 658 43

204 733 318 808 “sare
352 736 516 834 Augusto
554 736 698 824 vidore,
731 735 933 832 imperium
976 730 1170 814 mansuram

203 858 231 896 “
248 853 361 944 fuisse,
395 856 457 927 sub
489 854 658 950 Pompeio
692 857 879 949 Brutoque,
906 851 1169 949 rempublicam.

201 978 230 1016 “
246 975 353 1045 Nunc
378 999 442 1068 pro
465 975 620 1061 Othone,
645 999 689 1044 an
718 998 781 1068 pro
801 971 959 1058 vitellio,
980 969 1016 1040 in
1038 970 1171 1064 templa

201 1094 230 1137 “
245 1090 380 1164 ituros?
404 1091 577 1188 Utrasque
601 1090 725 1186 impias
750 1116 880 1186 preces,
899 1109 1044 1184 utraque
1060 1084 1170 1158 detes·

202 1211 351 1282 “tanda
372 1229 468 1298 vota,
488 1210 576 1282 inter
591 1210 693 1297 duos,
711 1234 860 1306 quorum
885 1209 978 1313 bello
999 1203 1172 1310 sOIUEffl.

202 1334 230 1370 “
247 1325 361 1416 scires,
392 1327 595 1400 deteriorem
628 1325 714 1416 sore,
742 1326 802 1423 qui
829 1325 997 1398 vicisset.”
1048 1326 1168 1410 Erant,

200 1445 262 1543 qui
287 1444 542 1540 Vespasranum,
568 1450 601 1518 ὃ(
626 1472 720 1518 arma
740 1444 887 1518 Orientis
899 1463 1169 1540 augurarentura

202 1567 253 1652 δι,
270 1584 310 1636 ut
327 1563 442 1659 potior
458 1586 604 1660 utroque
620 1563 853 1660 Vespasianus,
881 1562 927 1634 ita
949 1562 1080 1634 bellum
1108 1559 1170 1631 ali·

200 1684 265 1771 ud,
295 1703 400 1779 atque
427 1683 508 1756 alias
537 1685 649 1756 clades
677 1685 874 1756 horrebant.
927 1685 972 1755 Et
1005 1679 1171 1776 ambigua

199 1801 246 1872 de
272 1801 475 1898 Vespasiano
508 1799 623 1874 fama:
663 1800 817 1898 solusque
845 1800 1004 1873 omnium
1030 1819 1110 1871 ante
1136 1796 1170 1870 se

200 1918 416 2014 Principum,
444 1919 480 1991 in
504 1919 627 1992 melius
652 1940 803 1992 mutatus
828 1919 886 1991 est.

260 2040 324 2114 LI.
366 2040 484 2111 Nouc
516 2037 612 2111 initia
638 2037 819 2133 causasque
850 2037 966 2109 motlrs
995 2035 1170 2109 Vitelliani

200 2156 398 2253 expediam.
446 2156 543 2230 Caeso
560 2184 640 2230 cum
656 2157 819 2229 omnibus
841 2156 949 2251 copiis
971 2155 1067 2250 Julio
1083 2155 1168 2225 Vin·

200 2274 292 2364 dice,
311 2272 409 2358 ferox
425 2278 542 2373 praeda
561 2275 739 2372 gloriaque
757 2274 937 2361 exercitus,
955 2296 992 2346 ut
1009 2273 1078 2362 cui,
1102 2276 1170 2345 sine

201 2393 317 2466 labore
340 2418 380 2465 ac
408 2394 575 2489 pericu10,
603 2394 754 2466 ditisfimi
780 2393 861 2466 belli
880 2393 1022 2465 vicloria
1037 2389 1167 2464 evenis·

200 2509 261 2599 set,
278 2511 535 2608 expeditionem
555 2517 588 2585 ὅτ
606 2512 730 2601 aciem,
759 2512 900 2608 praemia
918 2512 1024 2609 quim
1042 2511 1170 2606 slipen.

200 2629 260 2705 dia
284 2632 453 2702 malebat:
497 2629 629 2726 diuque
660 2629 904 2704 infruuuosam
945 2635 978 2702 &
1017 2628 1169 2726 asperam

200 2747 360 2822 militiam
381 2750 599 2837 toleraverat,
628 2748 767 2847 ingenio
785 2750 854 2822 loci
871 2749 1028 2845 caelique,
1060 2751 1093 2819 &
1117 2747 1168 2819 se·

200 2867 342 2939 veritate
368 2861 580 2962 disciplinae3
611 2892 718 2962 quam
746 2866 781 2938 in
811 2892 895 2963 pace
921 2866 1170 2940 inexorabilem

200 2984 375 3058 discordia
399 2985 528 3058 civium
545 2985 731 3075 resolvunt,
763 2986 884 3082 paratis
902 2984 1076 3080 utrimque
1093 3009 1168 3056 cor-

202 3104 413 3200 ruptoribus,
447 3110 480 3178 &
516 3106 658 3201 perfidia
688 3105 870 3201 impunitfi.
936 3102 1023 3192 Viri,
1060 3129 1168 3191 arma,

202 3223 298 3319 equi,
338 3224 383 3296 ad
416 3223 528 3312 usum,
557 3227 589 3310 &
624 3225 668 3296 ad
697 3224 816 3313 decus,
845 3224 1052 3318 supererant.
1102 3223 1169 3294 Sed

200 3363 280 3416 ante
308 3343 453 3431 bellum,
487 3342 654 3416 centurias
689 3344 825 3414 tantiam
862 3341 935 3413 suas
973 3339 1169 3436 turmasque

201 3479 386 3532 noverant:
417 3461 584 3533 exercitus
611 3463 739 3533 linibus
762 3459 1018 3557 provinciarum
1045 3457 1168 3529 discer-

201 3581 380 3651 nebantur.
440 3582 537 3651 Tum
570 3581 734 3652 adversus
766 3578 950 3650 Vindicem
984 3579 1169 3649 contradae

203 3697 369 3793 legiones,
398 3697 499 3794 seque
526 3697 708 3769 &Gallias
738 3705 901 3793 expertae,
925 3721 1073 3793 quaerere
1094 3721 1167 3768 rur-

202 3815 255 3887 sus
271 3840 379 3903 arma,
406 3814 582 3912 novasque
599 3816 805 3889 discordias:
834 3841 896 3888 nec
923 3813 1107 3903 “socios,’'
1131 3836 1169 3887 ut

200 3932 300 4022 olim,
343 3933 401 4007 sed
434 3934 590 4007 “hostes
617 3941 649 4007 δι
680 3933 811 4007 νίἑὶοε”
844 3936 1025 4007 vocabant.
1090 3935 1169 4008 Nec
