3000 5144
257 550 328 623 274
486 519 1047 593 deonorrrrTncrrr

259 695 418 769 Nonium
436 697 637 785 Allienum,
665 700 697 767 ἃ
715 695 866 768 Cestium
883 695 1050 767 Severum
1068 688 1233 765 acerrime

259 815 429 901 incubuit,
459 818 585 887 crebris
608 816 700 910 apud
726 817 906 886 Neronem
929 810 1163 885 delationibus
1183 808 1233 881 fa·

261 931 385 1004 mosos.
446 933 657 1006 Sariolenum
686 938 720 1005 bc
755 957 870 1004 recens
904 931 1035 1004 crimen
1071 930 1234 1025 urgebat,

260 1051 357 1147 quod
382 1053 474 1146 apud
502 1052 680 1124 Vitellium
709 1051 851 1122 molitus
878 1051 999 1122 eadem
1026 1047 1140 1121 foret:
1171 1071 1234 1119 nec

261 1169 386 1242 destitit
422 1167 552 1241 senatus
579 1196 701 1242 manus
736 1170 903 1241 intentare
930 1169 1087 1255 Voculae,
1119 1167 1234 1238 donec

262 1286 357 1360 curili
380 1288 570 1359 excederet.
621 1289 679 1360 Ad
710 1286 866 1359 Fadium
892 1285 1100 1359 Africanum
1129 1280 1233 1355 trans-

263 1407 373 1501 gressi,
404 1429 484 1476 eum
510 1431 649 1501 quoque
687 1407 911 1500 proturbant3
945 1425 1126 1500 tamquam
1160 1404 1235 1474 Ne·

263 1523 337 1595 roni
362 1521 554 1595 Scribonios
581 1523 714 1611 fratres,
748 1523 931 1598 concordia
959 1520 1154 1620 opibusque
1181 1521 1234 1593 in·

264 1644 388 1738 signes,
414 1642 458 1712 ad
482 1641 626 1713 exitium
651 1640 910 1714 monstraviffet.
960 1639 1149 1715 Africanus
1173 1664 1235 1711 ne·

264 1785 333 1855 que
355 1758 447 1830 fateri
464 1762 625 1849 audebat,
649 1784 762 1855 neque
778 1761 927 1831 abnuere
946 1778 1101 1855 poterat:
1122 1758 1158 1830 in
1171 1758 1235 1831 Vi·

264 1878 363 1951 bium
373 1876 545 1974 Crispum,
559 1875 655 1973 cujus
668 1876 993 1974 interrogationibus
1007 1876 1234 1974 fatigabatur,

263 1999 356 2069 ultro
373 1997 565 2084 conversus,
577 1994 751 2067 miscendo
764 2021 841 2090 quae
858 1995 1043 2068 defendere
1054 1996 1236 2092 nequibat,

262 2114 420 2187 societate
436 2116 547 2209 culpae
564 2113 729 2185 invidiam
747 2114 944 2186 declinavit.

313 2234 432 2304 XLII.
456 2236 645 2305 Mirum
664 2257 705 2304 co
725 2231 781 2303 die
801 2232 935 2327 pietatis
958 2232 1240 2331 eloquentiaeque

264 2348 395 2422 famam
417 2348 613 2443 Vipstanius
639 2351 786 2422 Mellala
813 2351 959 2446 adeptus
987 2351 1050 2439 est,
1077 2353 1241 2426 nondum

265 2466 426 2540 senatorial
458 2487 570 2555 aetate,
597 2466 694 2541 ausus
723 2494 787 2564 pro
808 2468 908 2540 fratre
924 2470 1068 2564 Aquilio
1096 2472 1241 2567 Regulo

264 2585 452 2681 deprecari.
502 2589 682 2683 Regulum
704 2586 862 2661 subversa
889 2588 1086 2660 Crallorum
1110 2592 1145 2661 δε
1168 2592 1240 2663 Or·
1345 2618 1348 2623 ·

266 2703 352 2802 phiti
365 2704 490 2777 domus
506 2705 542 2777 in
559 2705 733 2778 summum
743 2706 866 2779 odium
878 2709 1059 2780 extulerat.
1107 2708 1241 2805 Sponte

265 2851 309 2900 ex
333 2826 366 2897 S.
384 2826 424 2896 C.
451 2822 702 2896 accusationem
724 2823 857 2897 subiille
873 2824 1011 2923 juvenis
1027 2827 1239 2920 admodum,

266 2970 329 3019 nec
347 2943 542 3038 depellendi
560 2942 715 3037 periculi,
733 2942 789 3016 sed
808 2945 842 3015 in
857 2945 951 3040 spem
964 2946 1126 3042 potentiae
1138 2948 1241 3021 vide·

266 3068 377 3138 batur.
423 3065 468 3132 Et
488 3060 638 3155 Sulpicia
652 3062 870 3152 Praetextata,
895 3065 1001 3137 Crallr
1024 3091 1128 3152 uxor,
1152 3092 1241 3162 qua·

265 3203 414 3278 tuorque
430 3179 540 3266 liberi,
568 3183 588 3250 st
607 3178 826 3274 cognosceret
841 3183 987 3272 senatus,
1011 3185 1139 3256 ultores
1157 3186 1241 3258 ade-

266 3320 353 3372 rant.
413 3299 522 3395 lgitur
544 3299 690 3377 blellala
715 3324 785 3369 non
814 3299 964 3389 causam,
996 3327 1111 3397 neque
1140 3327 1241 3377 reum

265 3419 366 3505 tueri,
389 3418 446 3490 sed
464 3416 621 3513 periculis
637 3414 746 3487 fratris
764 3414 868 3489 semet
882 3444 1077 3512 opponens,
1096 3422 1243 3492 flexerat

264 3535 443 3633 quosdam.
492 3534 651 3608 Occurrit
677 3533 762 3606 truci
789 3535 942 3606 oratione
967 3536 1106 3608 Curtius
1131 3539 1243 3610 Mon-

264 3677 374 3737 tanus,
394 3654 435 3726 ed
448 3653 553 3749 usque
572 3654 777 3749 progreffus,
798 3663 849 3740 ut,
869 3660 895 3695 “
910 3654 986 3749 post
1003 3655 1134 3727 caedem
1152 3658 1244 3728 Gal-

265 3780 293 3815 “
312 3777 381 3859 bae,
410 3772 526 3843 datam
544 3769 747 3842 interfedlori
773 3770 902 3842 Pisonis
923 3772 1105 3868 pecuniam
1123 3799 1145 3845 a
1166 3777 1242 3848 Re-

266 3898 292 3936 “
311 3892 407 3987 gu10,
436 3889 698 3987 adpetitumque
730 3889 841 3962 morsu
868 3888 997 3970 Pisonis
1024 3892 1151 3987 caput”
1173 3895 1225 3967 ob
