3000 5144
382 545 449 618 186
566 539 608 614 C.
649 540 912 616 Conuaarr
952 544 1149 620 Tacrrr

428 717 583 791 XXVII.
609 718 701 791 Huc
730 717 908 791 inclinavit
927 717 1113 807 Antonius,
1139 715 1351 816 “cingique

379 836 561 907 “vallum
586 838 734 908 corondss’
757 834 872 931 jussrt:
901 834 1013 932 primi)
1040 835 1167 933 sagittis
1195 834 1350 933 saxisque

377 952 512 1025 eminus
540 955 731 1043 certabant,
760 953 889 1050 majore
910 953 1154 1027 Flavianorum
1183 954 1347 1051 pernicie,

376 1072 412 1143 in
424 1097 511 1169 quos
522 1072 590 1143 tela
604 1070 749 1168 desuper
765 1072 1000 1145 librabantur:
1021 1099 1106 1146 mox
1123 1075 1255 1147 vallum
1268 1099 1348 1170 por·

377 1190 494 1288 tasque
512 1189 706 1286 legionibus
722 1190 899 1281 adtribuit,
927 1211 965 1264 ut
981 1192 1143 1266 discretus
1159 1194 1258 1266 labor
1279 1192 1349 1267 sor·

377 1331 427 1381 tes
442 1306 653 1406 ignavosque
668 1307 902 1407 distingueret,
919 1330 1024 1407 atque
1040 1311 1113 1408 ipss
1126 1309 1351 1389 contentione

376 1427 509 1501 decoris
530 1430 806 1502 accenderentur.
856 1428 1022 1502 Proxima
1037 1429 1245 1503 Bebriacenfi
1265 1429 1346 1521 via,

375 1547 510 1619 tertiani
537 1544 783 1643 septimanique
810 1545 1008 1643 sumpsere3
1034 1547 1225 1622 dexteriora
1249 1549 1347 1640 valli,

377 1665 500 1738 oslava
516 1688 555 1736 ac
570 1660 712 1759 septima
728 1665 919 1738 Claudiana
933 1694 944 1751 ;
970 1665 1283 1757 tertiadecimanos,
1304 1669 1348 1742 ad

378 1781 574 1855 Brixianam
603 1802 740 1879 portam
768 1783 916 1880 impetus
945 1784 1033 1856 tulit.
1083 1787 1243 1859 Paullum
1267 1787 1350 1861 inde

379 1928 498 1990 morae,
516 1902 602 1974 dum
618 1925 638 1972 e
655 1902 822 1997 proximis
837 1903 927 2001 agris
944 1901 1091 2004 ligones,
1116 1905 1286 1994 dolabras,
1313 1910 1349 1980 dt

377 2022 437 2096 alii
452 2021 568 2110 falces,
594 2020 761 2118 scalasque
771 2024 975 2097 convectant
991 2049 1001 2093 ι
1027 2041 1118 2111 turn,
1139 2022 1234 2096 elatis
1250 2022 1349 2122 super

376 2141 488 2239 capita
505 2139 618 2228 scutis,
636 2141 742 2213 densal
758 2140 928 2214 testudine
940 2140 1138 2214 succedunt.
1174 2144 1348 2220 Romaoae

377 2258 552 2355 utrimque
578 2278 691 2331 artes:
721 2261 874 2355 pondera
895 2258 1056 2333 saxorum
1077 2259 1250 2333 Vitelliani
1267 2288 1349 2359 pro·

378 2379 551 2462 volvunt3
577 2373 753 2472 disjeslam
771 2377 1031 2476 fluitantemque
1047 2376 1253 2453 testudinem
1272 2381 1347 2455 lan·

377 2495 446 2569 ceis
461 2494 637 2593 contisque
652 2495 841 2569 scrutantur
856 2525 867 2582 ;
892 2497 1019 2586 donec,
1047 2496 1155 2571 soluta
1175 2522 1348 2598 compage

379 2612 567 2705 scutorum,
605 2612 792 2713 exsangues
825 2637 885 2688 aut
924 2617 1051 2690 laceros
1083 2615 1345 2714 prosternerent,

379 2735 489 2807 multas
504 2760 586 2807 curn
601 2733 723 2832 strage.

426 2854 596 2926 XXVlll.
621 2853 863 2928 lacesserent
878 2854 1065 2945 cunetatio,
1087 2855 1122 2927 ni
1138 2855 1245 2928 duces
1262 2853 1347 2930 sesso

379 2972 493 3061 militi,
513 2978 545 3044 &
571 2973 665 3044 velut
681 2971 787 3044 irritas
803 2974 1055 3046 exhortationes
1066 2974 1243 3063 abnuenti,
1262 2976 1349 3048 Cre·

377 3116 518 3164 monam
537 3090 783 3162 monstrassent.
833 3092 1024 3165 Hormi-ne
1040 3091 1076 3163 id
1095 3091 1288 3189 ingenium,
1305 3114 1347 3168 ut

379 3210 524 3284 Messala
535 3207 653 3296 tradit,
688 3233 731 3279 an
747 3209 860 3305 potior
875 3210 993 3282 auslor
1010 3213 1048 3283 srt
1064 3212 1105 3282 C.
1122 3210 1266 3302 Plinius,
1284 3213 1347 3310 qui

380 3328 574 3403 Antonium
597 3326 738 3417 incusat,
776 3329 868 3401 haud
893 3327 991 3401 facile
1016 3327 1258 3403 discreverim:
1285 3332 1346 3405 nisr

379 3448 475 3546 quod
499 3470 612 3543 neque
644 3446 831 3538 Antonius,
859 3473 973 3543 neque
1003 3451 1176 3539 Hormus,
1206 3476 1226 3523 a
1255 3449 1348 3524 sams

378 3570 517 3664 vitaque
533 3565 603 3656 sua,
633 3565 792 3662 quamvis
819 3569 959 3662 peffimo
987 3567 1132 3664 flagitio,
1158 3568 1347 3665 degenera-

379 3693 469 3761 vdre.
519 3682 686 3780 Nonjam
702 3682 851 3781 sanguis,
877 3711 988 3782 neque
1004 3689 1145 3760 vulnera
1161 3690 1346 3761 moraban-

379 3829 447 3894 tur,
473 3804 556 3901 quin
574 3801 771 3875 subruerent
789 3805 933 3893 vallum,
953 3825 1196 3901 quaterentque
1214 3827 1345 3903 portas,

381 3925 488 3998 innixi
506 3921 671 4012 humeris,
697 3925 730 3994 ὃ(
746 3920 845 4018 supet
861 3921 1015 3998 iteratam
1031 3924 1236 4000 testudinem
1251 3924 1345 4000 scan-
