2978 5144
344 578 389 652 5²
509 551 1113 627 ceommfflcm

343 721 516 820 cipiorum
538 723 642 797 etiam
665 724 934 823 legationen-ac
959 744 1036 821 pars
1053 721 1161 798 Italiae
1178 721 1319 819 pericli·

342 841 497 915 tantibus
516 841 708 916 adsisteret:
735 843 818 917 cum
841 844 879 916 in
905 841 1075 941 plerisque
1084 841 1224 941 judiciis
1241 868 1320 916 cre·

342 960 438 1033 deret
456 962 608 1057 populus
625 965 808 1036 Romanus
828 961 887 1036 sud
903 961 1057 1036 interesse
1080 962 1166 1059 quid
1179 959 1321 1058 judica·

344 1101 448 1154 retur.
497 1080 583 1154 Satis
600 1081 730 1154 constat
753 1083 795 1154 C.
819 1080 1037 1170 Cornelium,
1062 1080 1100 1153 δι
1127 1083 1184 1155 Μ.
1210 1081 1319 1153 Scau·

231 1207 232 1210 ’
343 1197 493 1290 rum,·&
518 1201 564 1272 T.
582 1200 774 1291 Milonem,
798 1200 836 1275 δι
852 1203 898 1273 L.
914 1199 1076 1289 Bestiam,
1100 1199 1138 1271 δι
1159 1200 1201 1271 P.
1218 1198 1320 1272 Vati·

343 1318 457 1408 nium,
484 1319 653 1394 concursu
668 1320 772 1393 totius
787 1319 931 1392 civitatis
952 1320 989 1392 &
1004 1318 1176 1393 accusatos
1191 1317 1230 1389 δι
1254 1317 1318 1390 de-

342 1436 472 1512 sensus:
498 1457 538 1510 ut
555 1436 788 1537 frigidissimos
811 1463 953 1535 quoque
975 1458 1140 1528 oratores,
1157 1435 1228 1534 ipsa
1240 1461 1319 1509 cer·

344 1557 447 1630 tantis
464 1557 586 1654 populi
608 1557 732 1646 studia,
757 1556 964 1630 excitare&
991 1556 1175 1630 incendere
1196 1575 1321 1652 potue-

344 1676 423 1751 rint.
472 1679 593 1810 Itaque
607 1677 748 1750 hercule
763 1673 929 1773 ejusmodi
945 1676 1024 1750 libri
1044 1675 1247 1765 exstant,ut
1208 1675 1324 1772 utipsi

347 1819 504 1894 quoque,
534 1795 595 1894 qui
619 1811 778 1894 egerunt,
807 1821 879 1869 non
888 1795 962 1870 aliis
983 1795 1096 1894 magia
1112 1792 1324 1868 orationibus

347 1914 557 1989 censeantur.
704 1930 707 1935 '

395 2038 479 2110 XL.
503 2037 590 2128 Janr
604 2033 689 2109 verd'
704 2033 887 2108 conciones
902 2035 1051 2124 asfiduae,
1069 2032 1107 2106 δι
1124 2035 1246 2107 datum
1263 2029 1324 2128 jus

346 2153 620 2250 potentissimum
647 2178 824 2250 quemque
845 2153 1012 2243 vexandi,
1036 2173 1140 2250 atque
1164 2150 1235 2248 ipsa
1257 2150 1324 2223 ini·

347 2271 561 2344 micitiarum
579 2271 702 2368 gloria,
729 2271 812 2345 crim
828 2270 862 2345 se
879 2267 1021 2368 plurimi
1044 2270 1262 2361 disertorum,
1278 2295 1326 2343 ne

345 2414 367 2461 a
382 2392 422 2461 P.
444 2389 588 2484 quidem
606 2389 778 2484 Scipione,
795 2410 854 2462 aut
870 2391 976 2479 Sulla,
995 2410 1054 2463 aut
1069 2392 1136 2463 Cn.
1152 2389 1325 2486 Pompeio

345 2506 565 2597 abstinerent,
587 2506 625 2578 δι
652 2507 696 2579 ad
720 2506 933 2580 incessendos
960 2508 1131 2605 principes
1154 2507 1260 2598 viros,
1285 2526 1326 2582 ut

347 2627 397 2700 est
425 2644 546 2700 natura
572 2625 726 2715 invidiae,
757 2625 878 2723 populi
903 2626 1008 2698 etiam
1029 2626 1209 2699 histriones
1231 2627 1322 2700 auri·

347 2749 413 2820 bus
441 2765 627 2834 uterentur,
662 2766 831 2841 quantum
862 2747 1022 2819 ardorem
1050 2745 1210 2843 ingeniis,
1236 2773 1324 2843 quas

345 2866 538 2940 oratoribus
560 2865 650 2938 faces
676 2866 932 2938 admovebant!
984 2867 1070 2937 Non
1092 2867 1137 2938 de
1156 2865 1265 2940 otiosa
1289 2870 1325 2939 ὅτ

347 2986 517 3083 quietare
540 2983 730 3081 loquimur,
757 2988 791 3055 δι
809 3011 887 3081 quae
914 2984 1084 3078 probitate
1102 2989 1136 3058 &
1154 2984 1325 3058 modestis

347 3104 521 3202 gaudeat:
559 3101 615 3174 sed
650 3101 699 3174 cst
723 3127 852 3198 magua
889 3102 948 3174 illa
981 3103 1019 3174 δι
1058 3103 1217 3177 notabilis
1248 3105 1323 3178 elo·

347 3223 500 3321 quentia,
541 3221 681 3292 alumna
717 3219 880 3310 licentiae,
919 3246 1026 3317 quam
1052 3223 1145 3296 stulti
1182 3223 1324 3298 liberta·

345 3360 418 3415 tem
450 3341 636 3427 vocabant,
675 3363 806 3412 comes.
822 3339 1041 3431 seditionum,
1074 3342 1227 3416 effrenati
1257 3369 1323 3441 po·

348 3460 421 3557 puli
447 3458 726 3547 incitamentum,
752 3461 819 3531 fine
847 3457 1026 3556 obsequio,
1055 3466 1123 3535 fine
1146 3461 1322 3554 servitute,

349 3596 554 3665 contumax,
585 3575 777 3665 temeraria,
811 3578 994 3676 adrogans,
1037 3605 1117 3676 quae
1156 3581 1192 3653 in
1233 3583 1325 3656 bene

346 3694 540 3769 constitutis
572 3693 767 3768 civitatibus
800 3722 871 3769 non
913 3697 1031 3770 oritur.
1080 3703 1199 3797 Qiem
1228 3700 1325 3776 enim

347 3833 519 3889 oratorem
546 3813 870 3907 Lacedaemonium,
895 3841 1002 3914 quem
1041 3818 1240 3894 Cretensem
1263 3835 1324 3896 ac·
