3000 5144
400 543 788 617 Hrsronrnnuu
822 542 930 617 Lrn.
967 543 1032 618 ΙΙΙ.
1130 569 1200 644 209

230 711 362 787 indicit.
414 715 556 813 Equites
574 717 729 790 Romani
750 719 905 791 obtuldre
932 723 1120 813 “operam
1139 741 1199 812 pe·

231 840 260 875 “
278 829 502 929 cuniasque,''
529 836 631 908 etiam
649 835 816 908 libertinis
843 835 935 908 idem
965 862 1092 908 munus
1108 835 1199 906 ultro

229 950 475 1049 flagitantibus.
527 955 580 1024 Ea
608 948 777 1027 simulatio
798 953 917 1042 officii,
943 977 965 1024 a
991 972 1086 1025 metu
1116 977 1197 1051 pro·

229 1069 331 1160 festa,
365 1088 514 1142 verterat
542 1069 579 1141 in
615 1069 782 1143 savorem.
839 1073 886 1144 Et
920 1071 1074 1167 plerique
1106 1071 1202 1143 haud

229 1188 368 1284 perinde
397 1188 591 1278 Vitellium,
611 1190 718 1285 quam
746 1186 863 1261 casum
890 1191 1078 1285 locumque
1105 1189 1199 1286 prin·

228 1307 361 1402 cipatds
376 1304 618 1379 miserabantur
633 1335 642 1378 s
668 1332 732 1379 nec
745 1309 857 1379 deerat
872 1306 954 1402 ipse,
969 1308 1082 1397 vultu,
1098 1332 1200 1397 voce,

230 1423 388 1513 lacrimis,
418 1422 684 1496 misericordiam
709 1424 843 1513 elicere,
874 1426 988 1522 largus
1018 1425 1199 1521 promissis,

230 1547 278 1632 ὅτ,
297 1569 373 1639 quae
386 1562 506 1615 natura
521 1542 766 1641 trepidantium
779 1544 839 1633 est,
855 1542 1075 1616 immodicus.
1103 1543 1201 1637 Quin

232 1667 266 1733 ὅτ
284 1661 431 1754 Caesarem
458 1662 490 1734 se
518 1661 590 1733 dici
616 1660 738 1750 voluit,
768 1659 959 1758 aspernatus
988 1682 1111 1733 antea:
1141 1660 1201 1733 sed

228 1797 326 1868 tunc,
352 1778 588 1875 superstitione
604 1778 769 1869 nominis,
796 1783 830 1851 u
848 1779 930 1877 quia
945 1778 981 1851 in
999 1799 1095 1852 metu
1112 1806 1197 1853 con·

230 1894 299 1969 filia
315 1898 552 1992 prudentium,
573 1902 606 1970 δι
622 1897 722 1994 vulgi
739 1922 859 1970 rumor
874 1896 977 1994 juxta
999 1897 1199 1973 audiuntur.

228 2014 406 2104 Ceterirm,
430 2036 468 2088 ut
482 2016 600 2089 omnia
612 2014 793 2089 inconsulti
809 2016 960 2112 impetfis
977 2036 1105 2113 coepta,
1132 2017 1196 2091 ini·

229 2135 284 2208 tiis
312 2135 441 2223 valida,
473 2133 582 2231 spatio
610 2133 848 2233 languescunt,
881 2133 987 2206 dilabi
1018 2134 1199 2230 paullatim

227 2253 407 2343 senatores,
436 2254 647 2351 equitesque,
679 2252 793 2351 primo
829 2255 1040 2342 cunctanter,
1076 2258 1109 2326 δι
1138 2247 1221 2327 ubi'

228 2372 297 2468 ipse
314 2398 384 2445 non
400 2375 515 2445 aderat
529 2401 540 2458 ;
571 2398 655 2445 mox
672 2371 916 2467 contemptim,
943 2377 976 2443 ὅτ
994 2375 1062 2444 fine
1078 2368 1199 2445 discri-

229 2491 337 2580 mine,
365 2493 475 2564 donec
493 2491 649 2564 Vitellius
672 2491 803 2588 pudore
826 2490 908 2562 irriti
932 2492 1089 2581 constris,
1118 2516 1198 2589 quae
1244 2478 1247 2498 ⁸

228 2635 297 2683 non
314 2612 501 2697 dabantur,
530 2609 665 2681 remisit.

277 2729 380 2802 LIX.
407 2730 469 2801 Ur
487 2747 652 2800 terrorem
669 2727 776 2801 Italiae
794 2730 937 2824 possessa
953 2727 1134 2818 Mevania,
1155 2753 1198 2804 ac

228 2849 323 2921 velut
348 2865 505 2920 renatum
532 2872 577 2919 ex
600 2846 738 2944 integro
765 2849 910 2936 bellum,
940 2847 1119 2933 intulerat3
1149 2846 1199 2922 ita

227 2967 319 3040 haud
336 2966 486 3040 dubium
511 2990 594 3064 erga
611 2966 790 3039 Flavianas
806 2987 915 3063 partes
937 2966 1101 3055 studium,
1125 2987 1200 3041 tam

228 3084 373 3182 pavidus
390 3085 519 3159 Vitellii
544 3084 701 3158 discessus
722 3086 869 3158 addidit:
900 3088 1030 3158 erestus
1052 3086 1199 3175 Samnis,

227 3204 470 3302 Pelignusque,
504 3209 538 3276 ὅτ
566 3206 689 3292 Marsi,
718 3204 952 3294 aemulatione,
977 3204 1073 3302 quod
1095 3205 1198 3277 Cam·

227 3324 329 3420 pania
354 3323 579 3419 praevenisset,
609 3345 647 3395 ut
666 3323 700 3394 in
722 3348 816 3394 novo
834 3320 998 3419 obsequio
1015 3325 1057 3396 ad
1076 3324 1200 3398 cundia

228 3441 309 3514 belli
323 3440 442 3514 munia
460 3467 552 3514 acres
565 3462 673 3513 erant.
710 3442 777 3513 Sed
793 3439 887 3512 foeds
903 3440 1015 3513 hieme
1033 3466 1093 3537 per
1107 3463 1199 3514 tran-

230 3564 330 3633 situm
348 3559 525 3658 Apennini
544 3560 757 3632 conflidtatus
775 3560 969 3631 exercitus:
996 3563 1029 3631 δι
1047 3559 1108 3632 vix
1124 3561 1201 3656 qui·

230 3700 286 3751 cto
321 3679 460 3776 agmine
490 3679 585 3749 nives
614 3678 858 3767 eiustantibus,
894 3677 1003 3774 patuit
1031 3701 1202 3775 quantum

231 3797 433 3870 discriminis
447 3799 648 3870 adeundum
665 3795 764 3887 foret,
782 3799 818 3869 ni
829 3796 1009 3869 Vitellium
1026 3818 1113 3870 retro
1131 3796 1202 3871 sor-

231 3937 316 3990 tuna
331 3917 502 4005 vertiffet3
531 3943 607 4015 quae
636 3917 807 3990 Flavianis
823 3917 969 3992 ducibus
993 3943 1064 3991 non
1091 3918 1203 3992 minus
