3000 5144
258 560 326 653 296
480 558 829 631 ecorum
858 552 1057 627 Tncrr't

262 734 290 771 “
307 727 504 824 absutnps1t‚
533 732 589 801 vel
616 730 652 801 in
676 727 748 801 suas
774 726 916 826 quisque
943 727 1035 799 sedes
1062 720 1235 819 refugere.

265 853 292 887 “
310 847 477 919 Deduslis
492 847 590 935 olim,
620 852 652 917 δε
672 846 850 919 nobiscum
870 870 930 941 per
946 840 1163 916 connubium
1180 837 1235 910 so-

263 971 290 1005 “
308 963 417 1052 ciatis,
445 962 573 1060 quique
600 990 684 1036 mox
714 966 915 1060 provenere,
945 964 1020 1033 haec
1038 958 1146 1056 patria
1174 956 1232 1029 est.

264 1088 291 1122 “
311 1083 387 1153 Nec
411 1107 473 1153 vos
487 1081 575 1153 adei)
591 1081 725 1177 iniquos
753 1081 999 1166 existimamus,
1028 1098 1067 1149 ut
1082 1074 1231 1148 interfici

265 1203 292 1239 “
310 1225 331 1269 a
347 1199 446 1270 nobis
464 1221 632 1294 parentes,
651 1196 782 1287 fratres,
811 1200 934 1271 liberos
952 1196 1081 1268 nostros
1106 1192 1230 1266 velitis.

266 1316 466 1413 “Vectigal
500 1322 532 1388 u
569 1342 672 1388 onera
703 1316 994 1389 commerciorum
1021 1312 1229 1385 resolvimus.

263 1441 291 1476 “
308 1434 380 1505 Sint
391 1438 547 1506 transitus
563 1433 770 1521 incustoditi,
790 1433 847 1505 sed
858 1433 985 1520 diurni,
1012 1438 1044 1503 δι
1059 1430 1205 1503 inermes
1215 1456 1227 1513 ;

264 1558 291 1595 “
308 1554 419 1625 donec
435 1578 524 1624 nota
542 1557 573 1622 δι
593 1552 739 1623 recentia
748 1551 841 1647 jura,
868 1551 901 1622 in
925 1550 1128 1622 vetustatem
1146 1571 1228 1619 con·

266 1678 292 1713 “
310 1670 487 1743 suetudine
504 1690 691 1741 vertantur.
743 1668 922 1740 Arbitrum
940 1666 1145 1739 habebimus
1170 1653 1228 1736 Ci-

264 1788 413 1860 “vilem
444 1794 475 1860 &
506 1789 686 1873 Veledam,
720 1788 813 1881 apud
842 1812 929 1881 qnos
953 1786 1051 1880 pasta
1077 1782 1229 1856 sancien-

264 1912 292 1947 “
309 1908 401 1976 tur.’'
450 1905 504 1977 Sic
531 1905 638 1977 lenitis
662 1904 854 1991 Tencleris,
885 1902 987 1996 legati
1016 1903 1060 1974 ad
1078 1901 1228 1973 Civilem

264 2027 299 2095 dt
318 2025 483 2095 Veledam
502 2023 586 2095 milli
603 2049 684 2095 cum
708 2022 823 2109 donis,
853 2023 976 2093 cuncta
993 2046 1036 2091 ex
1052 2021 1228 2091 voluntate

262 2140 567 2235 Agrippinensium
587 2142 834 2235 perpetravere.
883 2140 950 2210 Sed
974 2162 1093 2209 coram
1122 2136 1227 2225 adire,

262 2256 472 2351 adloquique
500 2260 678 2345 Veledam,
708 2280 883 2355 negatum.
934 2257 1152 2328 Arcebantur
1179 2252 1229 2327 as·

264 2376 380 2469 pediu,
411 2373 480 2466 qub
505 2376 730 2447 venerationis
758 2378 834 2471 plus
863 2374 989 2447 inesset.
1038 2372 1113 2468 lpsa
1139 2372 1228 2445 editt

261 2491 298 2563 in
325 2511 439 2560 turre:
467 2491 652 2564 delesluse
682 2493 896 2589 propinquis,
922 2490 1072 2564 consulta
1091 2490 1226 2587 respon-

262 2608 378 2703 saque,
407 2628 444 2678 ut
461 2607 684 2682 internuntius
706 2610 869 2698 numinis,
899 2611 1066 2706 portabat.

308 2728 441 2798 LXVI.
466 2729 636 2815 Citius,
654 2727 812 2799 societate
824 2728 1130 2824 Agrippinensium
1146 2752 1228 2799 auc-

261 2864 329 2933 tus,
359 2845 533 2940 proximas
559 2845 712 2916 civitates
743 2844 926 2932 adfectare,
960 2867 1019 2918 aut
1051 2845 1230 2919 adversan-

261 2965 352 3036 tibus
370 2966 499 3036 bellum
527 2963 648 3034 inferre
676 2963 800 3034 statuit.
850 2963 1104 3060 Occupatisque
1127 2963 1229 3035 Suni-

262 3082 323 3170 cis,
351 3087 383 3152 &
402 3080 584 3177 juventute
610 3106 727 3151 eorum
758 3107 818 3178 per
835 3083 991 3153 cohortes
1014 3084 1226 3176 composit53

263 3200 447 3295 quominus
474 3199 562 3270 ultra
588 3218 757 3293 pergeret,
791 3198 955 3269 Claudius
981 3201 1102 3271 Labeo
1128 3202 1227 3271 Beta-

262 3324 384 3391 storum
402 3320 695 3412 Tungrorumque
722 3321 753 3386 &
773 3315 982 3387 Nerviorum
1008 3317 1226 3388 tumultuarii

262 3463 368 3508 mauu
384 3436 515 3521 restitit,
539 3432 640 3504 sretus
659 3434 749 3520 loco,
777 3434 857 3529 quia
874 3456 1015 3530 pontem
1032 3434 1142 3506 Mosae
1161 3438 1227 3507 ssu-

263 3553 364 3625 minis
396 3572 616 3645 antecepcrat.
671 3554 962 3647 pugnabaturque
995 3553 1028 3623 in
1063 3553 1227 3649 angustiis

260 3670 436 3765 ambigue,
454 3670 564 3739 donec
582 3670 745 3739 Germani
764 3669 1016 3757 transnatantes,
1043 3692 1138 3767 terga
1154 3674 1226 3744 La-

262 3788 379 3858 beonis
397 3787 558 3857 invasere.
594 3787 703 3858 Simul
721 3788 855 3875 Civilis,
873 3785 982 3874 ausuS,
1002 3815 1045 3859 an
1064 3815 1108 3861 ex
1125 3815 1225 3862 com·

262 3906 384 3997 polito,
418 3903 530 3973 intulit
562 3904 594 3974 se
623 3904 753 4002 agmini
786 3908 1026 4003 Tungrorum,
1066 3912 1099 3981 St
1135 3910 1225 3980 clarA
