3000 5144
272 516 341 589 288
495 514 537 584 C.
575 511 820 585 Conurrrr
847 510 1027 585 Tncrrr

274 693 301 728 “
320 684 407 757 adeo
431 685 603 756 turbatam
628 681 787 757 civilibus
815 683 919 757 armis
939 709 1011 757 rem
1030 687 1252 771 Romanam,

273 811 301 845 “
318 824 356 876 ut
373 802 533 875 Treveris
558 802 663 874 etiam
680 801 970 901 Lingonibusque
998 801 1172 899 despectui
1200 805 1252 875 fit.

274 930 301 963 “
318 923 493 1017 Superesse
525 921 612 993 fidas
646 921 853 1017 provincias,
881 920 1029 993 victores
1060 919 1251 1009 exercitus,

272 1039 489 1113 “fortunam
507 1039 657 1136 imperii,
671 1046 704 1114 &
718 1042 845 1112 ultores
857 1042 951 1113 deos.
1000 1038 1055 1111 Sic
1067 1038 1169 1128 olim,
1187 1038 1248 1111 Sa-

272 1167 300 1202 “
318 1160 489 1231 crovirunr
513 1164 546 1231 ὃ(
571 1159 722 1248 AEduos‚
752 1183 877 1254 nuper,
898 1156 1085 1230 Vindicem
1101 1154 1249 1231 Gallias-

272 1285 299 1322 “
318 1302 387 1373 que
412 1276 550 1373 singulis
575 1277 705 1373 proeliis
726 1276 923 1349 concidille.
973 1276 1108 1348 Eadem
1132 1274 1249 1349 rursus

272 1405 300 1440 “
317 1395 474 1483 numina,
494 1396 616 1467 eadem
640 1393 721 1485 fata,
739 1416 895 1491 ruptores
912 1392 1084 1467 foederum
1102 1392 1245 1491 exspec-

272 1524 301 1558 “
320 1534 441 1588 tarent.
491 1514 623 1585 Melius
643 1514 727 1588 divo
756 1514 864 1608 Julio‚
893 1512 1049 1609 divoque
1080 1513 1246 1612 Augusto

270 1642 297 1677 “
318 1654 419 1706 notos
435 1657 556 1705 eorum
577 1632 721 1705 animos.
771 1634 937 1721 Galbam,
965 1636 999 1705 ὅτ
1025 1629 1167 1705 infracta
1184 1630 1246 1705 tri·

270 1759 298 1795 “
315 1755 412 1840 buta,
448 1750 584 1823 hostiles
613 1749 748 1847 spiritus
778 1750 935 1823 induille.
985 1752 1094 1823 Nunc
1117 1750 1244 1843 hostes,

268 1877 297 1914 “
315 1870 396 1966 quia
413 1871 518 1942 molle
534 1867 733 1942 servitium:
755 1871 836 1944 cum
859 1867 989 1966 spoliati
1007 1869 1174 1966 exutique
1185 1869 1241 1943 fu·

267 1996 296 2032 “
323 1988 426 2077 erint,
455 1986 585 2060 amicos
617 1987 725 2060 fore.’'
783 1990 877 2062 Haec
901 1986 1075 2083 ferociter,
1091 1990 1240 2080 locutus,

265 2107 448 2203 postquam
472 2105 615 2200 perstare
630 2107 666 2177 in
690 2105 832 2203 perfidis
853 2108 1036 2180 Claffrcum
1052 2109 1238 2181 Tutorem·

264 2249 334 2321 que
350 2224 459 2311 videt,
474 2222 570 2295 verso
586 2224 719 2314 itinere,
732 2228 924 2298 Novesrum
939 2226 1112 2299 concedit.
1154 2228 1240 2301 Gal·

265 2342 303 2430 li,
317 2342 427 2413 dulim
446 2342 593 2415 millium
610 2344 719 2439 spatio
735 2344 935 2417 distantibus
952 2346 1099 2442 campis,
1121 2345 1239 2419 conse-

263 2462 356 2532 dere.
406 2460 493 2531 Illuc
519 2462 790 2536 commeantium
808 2463 1049 2537 centurionum
1066 2464 1237 2539 militum-

263 2605 334 2677 que
357 2580 558 2651 emebantur
572 2578 693 2669 animi,
724 2603 760 2653 ut
787 2582 978 2679 (flagitium
995 2583 1236 2680 incognitum)

263 2703 445 2772 Romanus
462 2697 632 2771 exercitus
650 2699 685 2771 in
702 2719 845 2772 externa
856 2703 961 2774 verbu
969 2700 1138 2799 jurarent,
1158 2703 1237 2802 pig·

261 2817 393 2914 nusque
414 2816 499 2888 tanti
517 2815 661 2905 sceleris,
687 2844 771 2892 nece
793 2838 852 2891 aut
879 2820 1024 2893 vinculis
1042 2823 1237 2919 legatorum

260 2939 409 3009 daretur.
460 2938 607 3025 Vocula,
626 2962 838 3034 quamquam
855 2939 1008 3034 plerique
1021 2938 1143 3036 fugam
1160 2941 1235 3015 sua·

259 3058 403 3143 debant,
420 3054 619 3126 audendum
632 3076 736 3144 ratus,
750 3058 873 3128 vocati
887 3058 1067 3149 concione,
1086 3058 1122 3131 in
1141 3061 1237 3135 hunc

260 3175 407 3247 modum
425 3172 590 3245 differuit.

309 3294 441 3365 LVIII.
470 3299 496 3333 “
515 3294 733 3376 Nuuoumu
751 3295 845 3389 apud
866 3318 929 3366 vos
946 3298 1052 3368 verba
1068 3294 1148 3386 feci,
1173 3314 1236 3371 aut

260 3419 288 3458 “
308 3437 370 3507 pro
386 3411 486 3483 vobis
502 3407 689 3500 sollicitior,
707 3431 766 3486 aut
783 3438 914 3508 prome
930 3414 1087 3488 securior.
1136 3418 1236 3490 Nam

259 3538 286 3573 “
304 3530 390 3602 mihi
412 3530 555 3601 exitium
582 3530 704 3624 parari,
729 3532 839 3604 libens
862 3533 987 3618 audio;
1014 3556 1233 3633 mortemque

259 3658 285 3691 ‘⁴
306 3647 342 3718 in
371 3668 422 3718 tot
445 3648 544 3719 malis
566 3648 714 3721 hostium
740 3670 779 3721 ut
800 3652 907 3723 finem
937 3650 1143 3724 miseriarum
1167 3678 1231 3726 ex·

258 3774 285 3810 “
303 3766 429 3861 specto.
480 3766 587 3837 Vestrl
606 3792 662 3838 nie
688 3769 795 3863 pudet
820 3768 1034 3865 miseretque,
1064 3772 1230 3844 adversus

258 3890 285 3933 “
305 3910 392 3983 quos
416 3909 486 3959 non
509 3886 671 3981 proelium
698 3891 730 3959 &
756 3887 844 3961 acies
873 3907 1051 3985 parantum
1078 3888 1113 3961 id
1132 3889 1232 3967 enim
