3000 5144
411 597 817 669 Hrsronrnnunr
849 594 964 666 Lra.
997 593 1060 664 IV.
1163 593 1230 688 265

264 783 377 855 neque
392 758 507 831 animo
523 756 599 830 satis
616 761 786 832 affirmans
803 788 811 831 ι
843 765 876 832 &
893 763 975 834 citm
997 781 1109 834 cetera
1129 759 1232 856 juris-

257 875 396 972 jurandi
422 879 528 950 vetba
560 878 792 973 conciperent,
821 886 849 921 “
868 876 1082 975 Vespafiani''
1111 902 1237 950 nomen

263 997 465 1084 hesitantes,
487 1014 547 1068 aut
570 996 639 1067 levi
656 1022 842 1087 murmure,
863 1001 895 1069 &
914 998 1119 1093 plerumque
1136 998 1233 1069 srlen·

262 1112 311 1185 tio
328 1113 608 1187 transmittebant.

310 1233 466 1305 XXXII.
491 1235 641 1305 Lacr-n
657 1233 783 1305 deinde
809 1260 870 1330 pro
896 1234 1065 1307 concione
1081 1233 1233 1330 epistolae

263 1351 409 1423 Antonii
438 1352 482 1423 ad
510 1351 674 1439 Civilem,
704 1351 907 1448 suspiciones
936 1352 1085 1424 militum
1114 1351 1233 1423 inrita·

262 1471 357 1557 vste,
383 1491 562 1565 tamquam
583 1471 626 1542 ad
644 1469 772 1542 socium
791 1471 939 1566 partium
968 1469 1112 1566 scriptae,
1139 1472 1235 1543 &de

264 1589 477 1660 Germanico
494 1588 642 1661 exercitu
661 1589 837 1661 hostiliter.
893 1591 1001 1675 Mox,
1016 1587 1136 1660 adlatis
1149 1591 1233 1661 Gel-

262 1707 394 1778 dubam
423 1707 458 1777 in
483 1705 590 1778 castra
613 1707 753 1796 nontin,
780 1708 900 1779 eadem
926 1706 1031 1795 dieta,
1056 1706 1232 1803 fassaque:

262 1829 296 1897 a
329 1824 444 1897 missus
472 1850 554 1897 cum
578 1824 747 1897 mandatis
769 1828 960 1897 Montanus
995 1827 1040 1897 ad
1068 1825 1231 1914 Civilem,

262 1951 290 1985 “
308 1964 346 2014 ut
364 1944 532 2016 absisteret
549 1945 659 2016 bello:
687 1969 773 2016 neve
789 1964 930 2015 externa
945 1943 1047 2015 armis
1069 1942 1156 2016 falsis
1173 1970 1232 2016 ve·

263 2070 291 2105 “
309 2064 404 2140 latet.
453 2062 486 2134 Si
517 2061 757 2158 Vespasianum
773 2061 896 2158 juvare
926 2062 1100 2157 adgressus
1129 2062 1232 2154 foret,

263 2190 290 2224 “
308 2180 517 2255 satisfasium
536 2181 693 2277 coeptis.”
743 2182 802 2253 Ad
819 2206 859 2252 ea
874 2180 1009 2269 Civilis,
1035 2179 1146 2276 primo
1163 2183 1233 2254 cal-

262 2300 350 2371 lide:
371 2299 462 2396 post,
477 2300 537 2372 ubi
554 2300 650 2372 videt
667 2304 878 2373 Montanum
897 2297 1117 2396 praeferocem
1136 2299 1234 2396 inge-

262 2419 333 2506 nio,
352 2440 578 2516 paratumque
594 2418 630 2490 in
646 2444 699 2490 res
720 2444 841 2508 novas,
860 2414 952 2490 orsus
968 2443 989 2489 a
1004 2418 1126 2514 questu
1144 2419 1234 2514 peri-

262 2536 428 2634 culisque,
447 2565 525 2635 quae
543 2563 603 2633 per
620 2537 774 2634 quinque
791 2542 824 2608 &
844 2536 969 2633 viginti
986 2562 1093 2608 annos
1112 2535 1147 2607 in
1164 2536 1233 2609 cas·

260 2655 320 2728 tris
353 2655 524 2728 Romanis
557 2657 779 2728 exhausisset:
821 2661 847 2696 “
869 2654 1084 2750 Egregium''
1119 2654 1234 2750 inquit

262 2782 288 2816 “
309 2774 458 2871 pretium
470 2775 596 2847 laboris
614 2772 740 2868 recepi,
761 2797 882 2844 necem
898 2771 1022 2861 fratris,
1046 2778 1079 2844 &
1095 2773 1235 2846 vincula

262 2900 288 2934 “
309 2918 398 2981 mea,
427 2898 460 2964 &
488 2891 681 2988 sreyissimas
706 2889 805 2987 hujus
823 2890 991 2962 exercitiis
1013 2915 1129 2978 voces,
1155 2892 1232 2988 qui·

261 3017 288 3052 “
307 3013 371 3083 bus
387 3012 432 3082 ad
450 3010 657 3107 supplicium
678 3011 816 3106 petitus,
838 3007 915 3105 jure
939 3009 1096 3106 gentium
1114 3037 1234 3107 poenas

262 3136 289 3171 “
306 3129 470 3224 reposco:
502 3156 564 3201 vos
589 3150 706 3202 autem
732 3127 889 3216 Treveri,
919 3149 1107 3224 ceteraeque
1130 3128 1234 3202 servi·

264 3248 441 3320 “entium
475 3248 614 3336 animae,
654 3248 750 3345 quod
780 3246 962 3342 praemium
991 3248 1083 3318 effusi
1113 3249 1235 3323 totiens

263 3366 480 3462 “sanguinis
510 3365 723 3463 exspeAEiatin
755 3365 816 3436 nisi
850 3364 1021 3461 ingratam
1058 3366 1232 3460 militiam,

264 3486 518 3559 “immortalia
546 3488 686 3573 tributa,
717 3483 844 3580 virgas,
882 3482 1025 3572 secures,
1061 3490 1094 3557 &
1119 3487 1233 3559 domi-

262 3613 288 3647 “
307 3631 433 3677 norum
458 3604 624 3701 ingenia?
661 3608 716 3677 En
744 3628 812 3699 ego
839 3601 1018 3697 praefesius
1045 3603 1145 3676 unius
1173 3632 1233 3678 co-

261 3731 288 3766 “
306 3723 426 3812 hortis,
452 3727 485 3794 &
515 3721 754 3796 Canninefates
778 3721 979 3817 Batavique,
1009 3721 1134 3819 exigua
1151 3727 1235 3797 Gal·

262 3850 288 3883 “
308 3843 429 3914 liatum
447 3840 571 3938 portio,
601 3867 689 3912 vana
714 3840 772 3912 illa
794 3840 979 3912 castrorum
1002 3837 1109 3935 spatia
1126 3843 1232 3916 exsci-

261 3967 288 4004 “
306 3960 436 4050 dimus,
463 3961 519 4034 vel
535 3961 628 4055 septa
643 3957 733 4032 ferro
755 3958 915 4056 fameque
934 3953 1145 4055 premimus:
1172 3965 1232 4037 de·
