3000 5144
347 575 415 625 202
571 546 1140 623 C.ConrtaettTnctrt

344 747 439 796 ronae
462 720 586 796 relieti:
613 724 765 798 sufficere
781 726 936 797 cohortes
952 725 1098 819 alaeque,
1116 726 1149 794 δι
1174 720 1318 819 elegio·

346 843 448 914 nibus
458 841 550 929 lecti,
570 843 755 941 profligato
764 842 840 941 jam
858 844 964 932 betto,
980 843 1196 915 videbantur.
1237 840 1319 914 Un-

346 960 483 1033 decima
499 960 591 1058 legio
608 960 673 1034 sese
690 960 905 1058 adjunxerat,
924 961 1022 1033 initio
1037 963 1216 1045 cundata3
1245 959 1319 1049 sed,
1372 982 1376 989 ·

347 1079 516 1176 prosperis
532 1083 646 1172 rebus,
673 1081 789 1169 anxia,
820 1080 916 1176 quod
933 1080 1098 1153 defuiffet.
1145 1083 1214 1153 Sex
1240 1077 1320 1151 mil-

346 1199 393 1272 lia
425 1201 676 1286 Dalmatarum,
711 1225 828 1271 recens
856 1201 1023 1290 delecius,
1056 1199 1321 1272 comitabantur.

345 1321 505 1393 Ducebat
522 1317 710 1414 Pompeius
731 1318 902 1405 Silvanus,
930 1315 1133 1390 consularis:
1165 1316 1217 1390 vis
1233 1341 1319 1390 con-

346 1438 498 1511 filiorum
516 1461 620 1533 penes
632 1436 789 1509 Annium
805 1440 955 1525 Baffum,
973 1436 1118 1534 legionis
1136 1439 1317 1534 legatum:

348 1557 377 1631 is
397 1558 586 1644 Silvanum,
604 1555 782 1628 socordem
801 1557 907 1645 bello,
925 1560 958 1627 ἃ
983 1555 1055 1627 dies
1072 1580 1187 1627 rerum
1205 1553 1322 1628 verbis

348 1696 529 1763 terentem,
551 1673 661 1771 specie
689 1673 843 1771 obsequii
866 1677 1019 1772 regebat,
1045 1674 1090 1745 ad
1117 1674 1323 1771 omniaque,

347 1820 426 1893 quae
451 1797 585 1892 agenda
607 1795 732 1885 forent,
757 1796 872 1892 quieti
895 1822 976 1868 cum
1003 1794 1165 1867 industria
1193 1795 1323 1868 aderat.

347 1920 409 1991 Ad
434 1918 495 1987 has
522 1914 652 2013 copias,
680 1940 700 1988 e
725 1914 863 1988 clafficis
881 1913 1142 1987 Ravennatibus
1165 1913 1321 2011 legiona-

348 2034 435 2107 riam
463 2032 623 2107 militiam
647 2033 877 2130 poscentibus,
906 2033 1060 2129 optimus
1086 2030 1231 2129 quisque
1260 2033 1323 2105 ad-

348 2152 439 2226 sciti:
473 2153 621 2225 Classem
654 2155 823 2225 Dalmata
857 2151 1071 2249 supplevere.
1138 2151 1322 2224 Exercitus

347 2270 519 2367 ducesque
542 2268 586 2343 ad
603 2272 739 2343 Fanum
756 2275 916 2345 Fortuna
933 2270 996 2344 iter
1010 2270 1140 2359 fistunt,
1168 2271 1213 2342 de
1229 2270 1323 2344 sum-

349 2392 406 2462 rna
435 2413 551 2461 rerum
582 2391 795 2479 cunctantes,
826 2389 923 2487 quod
963 2397 1119 2463 “motas
1151 2412 1196 2461 ex
1224 2391 1325 2463 Urbe

351 2516 379 2551 “
399 2508 569 2606 praetorias
596 2510 776 2582 cohortes''
803 2509 991 2599 audierant,
1020 2509 1181 2582 &teneri
1210 2513 1324 2605 ptaesr-

348 2628 414 2700 diis
443 2626 668 2724 Apenninum
694 2629 879 2701 rebantur:
923 2633 956 2700 δι
987 2626 1089 2724 ipsos,
1118 2629 1155 2701 in
1184 2627 1327 2725 regione

351 2748 444 2822 bello
460 2746 584 2835 attrita,
602 2745 721 2842 inopia
737 2743 946 2820 &seditiosae
965 2746 1115 2819 militum
1133 2771 1239 2820 voces
1255 2766 1325 2820 ter·

349 2869 487 2954 rebant,
506 2866 685 2938 clavarium
716 2864 889 2961 (donativi
914 2891 1042 2937 nomen
1067 2867 1133 2959 est)
1164 2866 1324 2965 flagitan-

349 2985 460 3058 tium:
480 3011 543 3058 nec
563 2985 757 3081 pecuniam,
775 3004 833 3057 aut
849 2985 1061 3056 frumentum
1079 2984 1321 3080 providerant:

353 3110 386 3177 &
416 3104 584 3178 festinatio
612 3124 715 3200 atque
741 3104 883 3176 aviditas
916 3104 1186 3201 praepediebant,
1219 3106 1323 3196 dum,

352 3250 430 3322 quae
447 3224 555 3320 accipi
571 3243 739 3319 poterant,
756 3223 945 3319 rapiuntur.

398 3346 462 3417 LI.
498 3345 805 3416 Carnarnnrnros
839 3343 992 3413 auctores
1025 3343 1149 3429 habe0,
1193 3349 1327 3417 tantam

352 3463 540 3536 vicioribus
575 3463 738 3535 adversus
754 3461 804 3534 fas
827 3459 986 3557 nefasque
1002 3460 1250 3533 irreverentiam
1268 3460 1323 3535 fu-

354 3584 427 3670 iste,
446 3603 484 3655 ut
501 3581 675 3679 gregarius
692 3606 809 3676 eques,
829 3578 978 3652 occisum
992 3606 1012 3650 a
1028 3579 1060 3651 se
1077 3579 1236 3677 proximi
1253 3582 1326 3653 acie

354 3701 492 3773 fratrem
522 3698 703 3795 profeffus,
741 3699 922 3795 praemium
955 3724 975 3770 a
1003 3699 1148 3772 ducibus
1179 3700 1327 3795 petierit.

353 3823 431 3893 Nec
456 3820 521 3890 illis
537 3838 596 3891 aut
612 3821 776 3891 honorare
793 3844 869 3890 eam
888 3819 1033 3908 caedem,
1045 3817 1102 3916 jus
1118 3818 1327 3904 hominum;

354 3957 413 4011 aut
440 3937 572 4026 ulcisci,
607 3935 691 4009 ratio
717 3937 798 4010 belli
826 3937 1055 4034 permittebat.
1116 3938 1329 4013 Distulerant
