3000 5144
261 627 331 699 310
475 600 1023 673 C.ConnnrrrTac1r1

259 797 323 868 rat,
351 802 422 848 non
445 777 628 864 invalidus,
653 775 908 874 flagrantissimi
933 773 1130 848 cohortium
1157 771 1236 847 sua·

258 922 336 968 rum
355 895 497 991 integral,
524 920 639 991 quaee
662 894 810 967 Chaucis
833 891 1012 991 Frisiisque
1027 894 1235 989 composita,

257 1013 433 1103 Tolbiaci,
446 1014 482 1085 in
498 1013 627 1085 finibus
645 1013 965 1110 Agrippinensium,
983 1014 1119 1108 agebat.
1166 1011 1239 1083 Sed

260 1132 363 1205 tristis
392 1133 530 1203 nuntius
558 1132 695 1220 avertit,
725 1133 921 1204 “deletam
944 1131 1122 1204 cohortem
1151 1130 1240 1202 dolo

263 1259 291 1294 ‘⁴
311 1250 617 1348 Agrippinensium
634 1251 669 1321 :''
683 1249 744 1346 qui
761 1249 863 1346 largis
884 1249 995 1345 epulis
1012 1249 1164 1346 vinoque
1184 1246 1239 1321 so·

265 1371 355 1468 pitos
370 1372 579 1458 Germanos,
602 1371 723 1440 claufis
739 1367 885 1456 foribus,
906 1368 988 1465 igne
1004 1366 1144 1465 injesto,
1163 1392 1240 1439 cre·
1308 1379 1311 1383 '

263 1491 414 1563 mavdre.
463 1486 571 1558 Simul
586 1486 725 1558 Cerialis
743 1511 892 1582 propero
908 1487 1050 1583 agmine
1065 1484 1241 1558 subvseoit.

262 1607 542 1681 Circumsteterat
558 1604 709 1676 Civilem
727 1610 760 1677 δι
779 1604 865 1677 alius
889 1626 1014 1694 metus,
1040 1630 1084 1677 ne
1101 1624 1241 1701 quarta-

262 1727 398 1800 decima
423 1722 529 1821 legio,
556 1721 716 1819 adjunstd
732 1723 925 1796 Britannici
942 1726 1056 1812 claffe,
1082 1722 1243 1796 adflicta·

263 1864 313 1919 ret
336 1847 496 1931 Batavos,
523 1843 593 1939 quit
610 1845 754 1915 Oceano
774 1841 986 1915 ambiuntur.
1035 1843 1102 1915 Sed
1126 1841 1241 1939 legio·

263 1989 359 2052 nem,
388 1961 532 2034 terrestri
562 1961 697 2052 itinere,
731 1960 859 2035 Fabius
882 1961 1015 2034 Priscus
1043 1964 1176 2058 legatus
1203 1962 1243 2035 in

263 2081 412 2155 Nervios
439 2081 671 2178 Tungrosque
696 2081 809 2154 duxit.
861 2084 992 2178 anue
1019 2080 1176 2154 civitates
1203 2082 1244 2155 in

261 2200 480 2273 deditionem
508 2222 682 2296 acceptae:
718 2202 857 2273 classem
879 2202 970 2272 ultro
997 2199 1244 2276 Canninefates

263 2318 411 2414 adgressi
426 2311 525 2402 sunt;
544 2317 719 2415 majorque
732 2345 809 2416 pars
827 2319 968 2391 navium
984 2320 1155 2416 depressa,
1181 2342 1246 2395 aut

264 2454 377 2530 capta.
420 2436 465 2505 Et
483 2436 699 2509 Nerviorum
713 2437 986 2528 multitudinem,
1003 2438 1124 2535 sponte
1140 2465 1242 2513 com·

264 2572 412 2640 motam,
441 2573 479 2624 ut
496 2579 558 2649 pro
575 2555 745 2627 Romanis
762 2558 893 2629 bellum
910 2559 1108 2653 capesseret,
1132 2557 1244 2631 iidem

263 2670 505 2745 Canninefates
531 2671 661 2745 fudere.
710 2674 872 2747 Clafficus
898 2701 1042 2772 quoque
1074 2677 1244 2751 adversus

263 2790 410 2888 equites,
429 2793 619 2863 Novesrum
636 2817 656 2864 a
673 2791 806 2864 Ceriale
825 2795 1025 2889 praemilsos,
1049 2791 1244 2869 secundum

266 2910 431 3006 proelium
445 2909 541 2981 lecit:
563 2936 641 3004 quae
661 2910 812 2998 modica,
831 2908 887 2983 sed
901 2916 1017 2986 crebra
1029 2914 1170 3003 damna,
1190 2912 1242 2988 fa·

264 3056 361 3103 mam
379 3028 530 3102 visioriae
549 3055 657 3123 nuper
675 3050 778 3124 parta
801 3032 1006 3103 lacerabant.

312 3149 470 3219 LXXX.
498 3149 639 3218 lrsnanr
664 3147 786 3218 diebus
803 3148 1005 3239 Mucianus,
1024 3151 1155 3224 Vitellii
1172 3154 1242 3225 fili·

262 3295 325 3341 um
349 3264 494 3338 intersrci
515 3263 635 3360 jubet:
667 3266 861 3339 mansuram
882 3269 1086 3343 discordiam
1114 3275 1240 3346 obten-

263 3386 363 3473 dens,
391 3384 425 3456 ni
453 3383 580 3456 semina
605 3385 685 3457 belli
711 3385 924 3460 restinxisset.
974 3392 1102 3487 Neque
1125 3397 1241 3466 Anto-

265 3505 364 3577 nium
383 3502 541 3575 Primum
570 3504 688 3576 adsciri
713 3504 799 3576 inter
824 3507 966 3580 comites
991 3534 1011 3579 a
1035 3510 1242 3585 Domitiano

266 3626 377 3719 passus
393 3621 460 3705 cst;
479 3621 594 3693 favore
612 3621 763 3695 militum
779 3625 960 3714 anxius,&
980 3625 1139 3723 superbit
1157 3631 1240 3721 viri,

266 3739 452 3835 aequalium
478 3767 634 3836 quoque,
660 3741 747 3812 adei>
773 3741 985 3838 superiorum
1019 3746 1243 3822 intolerantis.

265 3856 444 3929 Profeslus
469 3860 513 3930 ad
536 3859 779 3954 Vespasianum
802 3863 990 3952 Antonius,
1017 3886 1148 3938 utnon
1176 3895 1245 3965 pro

264 3975 323 4072 spe
339 3974 397 4048 sual
413 3977 597 4074 excipitur,
614 3979 660 4052 ita
673 4004 787 4077 neque
802 3982 919 4056 averso
936 3984 1153 4081 Imperatoris
1168 3989 1245 4062 ani·
