3000 5144
418 560 808 636 Hrsronrrnunr
839 565 947 639 Lra.
981 565 1044 641 ΙΙΙ.
1148 587 1217 667 227

250 729 370 826 pedes,
396 735 571 830 excepere.
619 737 819 833 Pugnatum
845 737 938 810 haud
963 738 1085 834 procul
1105 738 1219 823 Urbe,

248 848 336 920 inter
351 849 497 924 aedificia
513 850 710 949 hortosque,
729 858 762 925 δι
778 850 946 927 anfractus
962 855 1118 941 viarum;
1139 879 1217 951 quae

248 992 356 1063 gnara
382 968 586 1059 Vitellianis,
624 969 842 1067 incomperta
873 972 1038 1062 hostibus,
1083 993 1217 1046 metum

247 1083 421 1156 fecerant:
450 1113 563 1184 neque
586 1088 700 1161 omnis
726 1113 830 1184 eques
863 1114 1022 1178 concors,
1050 1089 1217 1186 adjundis

246 1203 467 1299 quibusdam,
497 1205 558 1302 qui
577 1231 686 1301 nuper
702 1208 797 1301 apud
815 1207 981 1278 Narniam
997 1207 1119 1293 dediti,
1144 1205 1216 1278 for·

247 1341 369 1393 tunam
386 1323 535 1417 partium
562 1323 848 1419 speculabantur:
875 1325 1010 1419 capitur
1035 1322 1216 1420 praeseslus

245 1441 308 1511 alae
324 1440 462 1513 Tullius
489 1442 697 1513 Flavianus:
726 1442 828 1513 ceteri
844 1439 938 1514 soeds
966 1440 1049 1539 fugai
1065 1442 1216 1515 conster-

245 1577 383 1646 nantur,
409 1585 479 1631 non
495 1561 584 1632 ultra
601 1560 747 1633 Fidenas
770 1557 889 1632 secutis
906 1559 1107 1632 vistoribus.

293 1679 450 1750 LXXX.
478 1677 701 1757 Eosucceffu
718 1677 829 1749 studia
850 1678 970 1773 populi
987 1681 1106 1751 austa:
1136 1679 1215 1751 vul·

246 1818 311 1890 gus
326 1796 513 1868 Urbanum
529 1820 626 1869 arma
643 1795 746 1893 cepit.
781 1795 905 1868 Paucis
922 1795 1014 1869 scuta
1030 1796 1212 1869 militaria:

244 1915 373 2008 plures,
399 1913 514 2009 raptis,
544 1915 641 2011 quod
658 1915 783 2011 cuique
801 1913 960 2003 obvium,
983 1913 1072 2002 telis,
1101 1921 1127 1956 “
1147 1918 1213 2012 fig-

245 2038 273 2073 “
292 2058 376 2104 num
390 2035 542 2129 pugnae'’
559 2031 761 2129 exposcunt.
811 2031 899 2128 Agit
917 2051 1027 2128 grates
1040 2030 1212 2120 Vitellius,

242 2154 276 2221 ἃ
292 2155 319 2191 “
338 2150 556 2223 adtuendam
569 2152 706 2223 Urbem
724 2150 1089 2248 prorumpere''jubet.
1117 2153 1213 2223 Mox

230 2289 355 2341 vocato
379 2267 507 2358 senatu,
536 2269 735 2366 deliguntur
762 2267 867 2364 legati
892 2269 937 2340 ad
966 2268 1149 2357 exercitus,
1175 2288 1214 2342 ut

241 2406 410 2482 praetexto
434 2385 634 2481 reipublicae
667 2387 889 2460 concordiam
918 2411 1110 2483 pacemque
1136 2385 1233 2460 sua··

240 2507 371 2578 derent.
420 2503 523 2576 Varia
545 2506 740 2600 legatorum
763 2503 832 2577 sors
859 2502 934 2577 suit.
984 2505 1057 2600 Qui
1085 2504 1212 2578 Petilio

240 2622 364 2695 Ceriali
390 2645 618 2713 occurrerant,
652 2643 847 2696 extremum
874 2622 1057 2695 discrimen
1083 2623 1211 2713 adiere,

239 2739 436 2837 aspernante
466 2740 572 2812 milite
605 2740 818 2813 conditiones
851 2740 969 2836 pacis:
1014 2742 1211 2813 vulneratur

241 2879 365 2955 praetor
383 2859 556 2930 Arulenus
574 2858 761 2930 Rusticus:
788 2857 885 2930 auxit
902 2857 1082 2945 invidiam,
1110 2856 1210 2953 super

237 2976 404 3048 violatum
429 2975 532 3072 legati
557 2976 777 3073 praetorisque
800 3003 942 3064 nomen,
969 2974 1106 3071 propria
1129 2973 1209 3070 dig·

238 3095 330 3167 natio
347 3094 410 3167 viri
427 3123 435 3165 :
465 3096 625 3189 palantur
642 3095 809 3166 comites:
836 3094 1007 3168 occiditur
1031 3089 1210 3188 proximus

237 3214 349 3303 listor‚
367 3213 546 3284 dimovere
562 3215 699 3284 turbam
716 3211 838 3298 ausus,
858 3217 906 3299 &,
933 3211 969 3282 ni
985 3211 1067 3281 dato
1083 3234 1103 3279 a
1119 3209 1209 3298 duce

239 3330 392 3427 praefidio
409 3329 534 3403 desensr
553 3328 678 3419 forent,
699 3329 830 3402 sacrum
847 3330 950 3401 etiam
975 3328 1063 3400 inter
1078 3346 1208 3399 exteras

239 3470 357 3545 gentes
383 3450 573 3544 legatorum
600 3447 667 3543 jus,
705 3469 785 3520 ante
817 3446 888 3541 ipsa
917 3446 1033 3542 patriae
1061 3443 1205 3533 moenia,

238 3567 346 3638 civilis
364 3566 471 3638 rabies
486 3565 591 3662 usque
614 3566 649 3636 in
666 3564 812 3637 exitium
829 3565 1031 3638 temerasset.
1078 3562 1206 3658 AEqui-

235 3685 353 3757 oribus
378 3683 501 3756 animis
518 3685 651 3779 accepti
667 3682 758 3770 sunt,
784 3680 844 3777 qui
861 3683 905 3753 ad
927 3678 1121 3755 Antonium
1146 3704 1206 3750 ve·

235 3822 368 3890 nerant,
395 3827 466 3872 non
484 3803 566 3899 quia
583 3799 781 3899 ⁶modestior
804 3800 915 3890 miles,
946 3799 1001 3873 sed
1029 3797 1110 3873 duci
1128 3800 1206 3896 plus

236 3919 452 3993 austoritatis.

707 4039 832 4133 (Μ,
