3000 5144
329 580 591 653 Drunocus
631 586 686 653 ni:
720 582 1040 655 Ontronrsus.
1127 605 1172 681 35

194 771 235 825 ut
252 751 385 826 lascivis
407 755 607 843 verborum,
635 758 668 827 a
693 754 831 826 levitate
855 754 1111 846 sententiarum,
1136 762 1171 832 &

194 870 335 944 licentid
359 873 631 969 compositionis,
664 872 875 945 histrionales
900 875 1026 947 modos
1053 875 1170 972 expri-

193 1009 311 1063 mant:
339 992 506 1088 quodque
522 992 582 1064 vix
600 992 720 1065 auditu
742 987 793 1065 sas
809 993 873 1065 effe
885 993 1024 1081 debeat,
1042 994 1168 1086 laudis,

191 1112 226 1182 &
243 1108 377 1207 gloriae,
401 1114 435 1183 δι
454 1109 584 1207 ingenii
602 1113 682 1185 loco
699 1110 857 1208 plerique
866 1108 1010 1207 justant,
1038 1113 1168 1187 cantari

190 1226 370 1325 saltarique
398 1228 665 1302 commentarios
695 1229 782 1302 suos.
837 1230 945 1301 Unde
976 1230 1082 1303 oritur
1110 1232 1170 1306 illa

190 1344 287 1419 soeda
299 1352 333 1422 δι
347 1373 417 1444 prae
421 1347 566 1444 postera,
583 1346 639 1419 sed
657 1367 771 1421 tamen
785 1344 944 1445 frequens
956 1348 1167 1445 quibusdam

189 1467 414 1556 exclamatio,
427 1485 466 1540 ut
483 1486 631 1541 oratores
648 1465 754 1539 nostri
770 1465 885 1538 tenere
903 1466 1029 1558 dicere,
1055 1468 1166 1542 histri-

188 1609 273 1658 ones
289 1584 411 1658 diserte
428 1583 547 1657 saltare
562 1585 731 1660 dicantur.
774 1585 949 1681 Equidem
967 1612 1038 1658 non
1055 1613 1163 1686 nega·

189 1704 301 1777 verim
317 1706 467 1778 Caffium
482 1706 662 1793 Severum,
681 1729 787 1800 quem
804 1703 915 1777 solum
934 1711 1031 1803 Aper
1047 1708 1161 1783 noster

189 1822 368 1896 nominare
383 1822 481 1896 ausus
497 1822 557 1910 est,
585 1825 607 1894 sr
636 1822 689 1894 his
711 1844 944 1919 comparetur,
962 1824 1023 1920 qui
1049 1826 1167 1921 postea

188 1940 341 2032 suerunt,
382 1943 475 2038 posse
516 1960 685 2014 oratorem
717 1941 846 2031 vocari,
875 1968 1090 2041 quamquam
1129 1944 1166 2017 in

187 2063 317 2157 magni
344 2080 440 2156 parte
468 2057 638 2134 librorum
663 2059 805 2133 suorum
833 2061 910 2156 plus
939 2061 992 2133 vis
1024 2063 1162 2153 habeat,
1264 2095 1277 2104 -

187 2180 296 2277 quiam
314 2178 499 2277 sanguinis.
537 2178 673 2253 Primus
694 2180 800 2269 enim,
819 2201 1021 2277 contempto
1043 2181 1165 2255 ordine

186 2323 314 2386 rerum,
333 2297 456 2372 omissa
472 2299 654 2389 modestia,
684 2324 724 2372 ac
742 2301 874 2396 pudore
891 2301 1091 2390 verborum,
1108 2301 1164 2398 ip-

188 2420 228 2492 srs
256 2417 374 2506 etiam,
405 2417 532 2514 quibus
559 2417 679 2508 utitur,
712 2418 814 2491 armis
840 2417 1098 2516 incompositus,
1127 2423 1162 2494 &

184 2535 298 2610 studio
325 2533 469 2609 feriendi
493 2537 698 2633 plerumque
724 2538 893 2627 detestus,
917 2563 987 2610 non
1015 2559 1162 2635 pugnat,

184 2653 242 2730 sed
259 2654 401 2729 rixatur.
451 2655 626 2743 Ceterum,
651 2676 690 2726 ut
716 2653 804 2742 dixi,
828 2653 1047 2751 sequentibus
1065 2682 1162 2730 com·

184 2793 334 2872 paratus,
359 2780 394 2849 δι
423 2773 586 2848 varietate
612 2770 825 2862 eruditionis,
851 2776 885 2845 δι
915 2774 1033 2868 lepore
1057 2775 1161 2846 urba-

184 2893 314 2983 nitatis,
343 2898 376 2968 &
395 2890 545 2991 ipsarum
561 2889 688 2963 virium
705 2892 843 2978 robore,
862 2890 1014 2963 multum
1032 2912 1160 2973 ceteros

182 3012 338 3110 superat:
362 3038 512 3111 quorum
528 3010 703 3084 neminem
721 3013 818 3107 Aper
835 3006 1027 3098 nominare,
1051 3013 1162 3085 &ve-

183 3133 236 3225 lut
252 3133 288 3207 in
303 3132 413 3208 aciem
425 3133 573 3205 educere
588 3127 753 3202 sustinuit.
789 3128 869 3225 Ego
886 3146 1003 3200 autem
1019 3126 1159 3225 exspec-

185 3254 317 3341 tabam,
345 3269 384 3323 ut
411 3248 566 3323 incusato
591 3248 724 3338 Afinio,
755 3251 789 3321 δι
813 3245 942 3336 Coelio,
970 3250 1004 3319 ἃ
1032 3248 1158 3337 Calv0,

184 3371 280 3445 aliud
306 3395 439 3443 novum
465 3394 591 3467 agmen
621 3368 840 3464 produceret,
874 3363 1068 3463 pluresque,
1103 3367 1161 3442 vel

148 3545 151 3551 ‚
184 3487 276 3562 certd
293 3487 440 3561 totidem
466 3488 673 3577 nominaret,
702 3512 746 3560 ex
774 3484 902 3583 quibus
925 3484 1032 3557 alium
1058 3483 1159 3558 Cice·

184 3606 274 3696 roni,
300 3605 407 3680 alium
423 3606 560 3695 Caesari,
588 3605 727 3703 singulis
748 3605 891 3678 demum
919 3604 1070 3700 smgulos
1092 3627 1157 3698 op·

184 3750 402 3823 poneremus.
438 3726 544 3797 Nunc
561 3725 754 3798 detredasse
771 3721 978 3795 nominatim
995 3720 1157 3818 antiquos

183 3869 333 3920 oratores
360 3861 557 3931 contentus,
583 3842 757 3915 neminem
779 3840 994 3939 sequentium
1020 3839 1158 3913 laudare

182 3963 279 4041 ausus
296 3963 359 4058 est,
384 3961 498 4041 nisiitr
517 3960 699 4155 publictbm
716 3965 750 4034 ὅτ
768 3960 804 4036 in
820 3984 1019 4040 commune.
1059 3958 1157 4040 Veri.

704 4103 725 4155 2
