3000 5144
387 542 781 615 Hrsrorttsnonr
809 538 917 612 L1a.
946 538 975 609 Ι.
1139 565 1184 637 23

219 711 263 783 ris
281 710 470 802 instinslor,
496 712 541 785 ad
558 713 654 809 quod
670 711 832 785 facillime
849 713 894 784 ab
911 707 1075 806 ejusmodi
1104 727 1189 782 voto

219 834 385 904 tranfitur.

269 951 405 1021 XXIII.
431 951 506 1022 Sar>
523 949 653 1023 sceleris
671 948 851 1047 cogitatio,
880 947 1051 1019 incertum
1069 972 1113 1018 an
1137 971 1190 1019 re·

219 1090 321 1163 pens:
345 1067 456 1140 studia
472 1067 623 1140 militum
637 1066 708 1162 jam
726 1067 874 1162 pridem,
892 1062 948 1159 spe
962 1061 1188 1155 successionis,

219 1206 278 1257 aut
295 1207 414 1281 paratu
442 1184 614 1275 facinoris,
644 1185 897 1258 adsellaverat:
929 1183 964 1253 in
991 1181 1126 1272 itinere,
1153 1183 1190 1257 in

219 1305 372 1401 agmine,
401 1305 437 1376 in
464 1306 680 1392 stationibus,
714 1302 976 1375 vetustiffimum
1014 1326 1191 1398 quemque

221 1423 373 1515 militum
402 1423 544 1496 nomine
572 1448 714 1511 vocans,
746 1447 786 1494 ac
816 1420 983 1493 memoris
999 1420 1191 1496 Neroniani

218 1540 416 1630 comitatus,
442 1543 664 1613 contubernales
690 1541 920 1637 appellando:
951 1538 1035 1610 alios
1068 1537 1191 1636 agnos·

219 1683 309 1748 cere,
337 1659 504 1756 quosdam
532 1659 716 1756 requirere,
741 1663 775 1731 δι
804 1657 963 1753 pecunil,
989 1677 1048 1728 aut
1066 1658 1189 1753 gratiss,

215 1774 360 1872 jurare:
392 1776 572 1850 inserendo
601 1776 722 1874 saepius
750 1778 915 1873 querelas,
946 1776 1191 1873 &ambiguos

220 1897 266 1967 de
283 1897 396 1969 Galba
412 1896 598 1985 sermones,
629 1920 777 1992 quaeque
792 1894 857 1968 alia
872 1896 1089 1966 turbamenta
1113 1896 1191 1966 vul·

218 2013 267 2110 gi.
316 2014 472 2087 Labores
489 2014 663 2103 itinerum,
692 2013 809 2108 inopia
826 2032 1098 2100 commeatuum,
1124 2015 1192 2087 du·'

219 2130 296 2203 ritia
327 2132 476 2228 imperii,
500 2133 648 2206 atrocius
672 2132 953 2228 accipiebantur:
986 2130 1068 2201 ciam
1085 2132 1190 2204 Cam·

221 2249 331 2345 paniae
348 2252 441 2323 lacus
467 2254 501 2323 δε
530 2250 671 2324 Achaiae
684 2254 786 2324 urbes
803 2251 958 2322 classibus
974 2248 1070 2321 adire
1086 2249 1189 2340 soliti,

219 2367 430 2458 Pirenaeum,
460 2373 494 2442 lic
517 2370 640 2466 Alpes,
664 2376 697 2444 ἃ
723 2367 890 2442 immensa
912 2368 1048 2440 viarum
1071 2368 1189 2466 spatia,

223 2487 315 2584 agre
340 2486 403 2560 sub
427 2486 529 2561 armis
552 2489 770 2561 eniterentur.

269 2607 405 2679 XXIV.
443 2611 754 2682 Fanonnsrsans
777 2605 851 2704 jam
876 2607 1027 2680 militum
1050 2606 1189 2697 animis,

220 2725 318 2796 -selut
335 2721 425 2799 faces
438 2711 618 2799 addiderat
634 2726 789 2799 Maevius
804 2727 956 2816 Pudens,
982 2752 1002 2799 e
1023 2725 1190 2822 proximis

222 2842 408 2940 Tigellini:
432 2844 460 2916 is
485 2843 744 2917 mobilissimum
757 2870 933 2942 quemque
957 2845 1113 2941 ingenie,
1132 2863 1191 2917 aut

223 2960 376 3058 pecunia:
399 2961 576 3059 indigum,
599 2968 632 3035 δι
657 2962 692 3034 in
715 2989 822 3035 novas
838 2963 1043 3059 cupiditates
1069 2962 1190 3058 praeci·

224 3079 332 3176 pitem
357 3081 552 3170 alliciendo,
576 3081 618 3152 eo
643 3082 819 3176 paullatim
843 3084 1031 3178 progressus
1052 3083 1115 3170 est,
1137 3099 1189 3170 ut,

224 3223 283 3294 per
308 3198 455 3295 speciem
477 3199 644 3289 convivii,
663 3201 820 3295 quotiens
839 3202 953 3273 Galba
967 3200 1060 3295 apud
1075 3201 1189 3271 Otho-

222 3342 303 3389 nem
342 3319 546 3412 epularetur,
573 3319 721 3407 cohorti,
748 3319 911 3394 excubias
938 3317 1069 3414 agenti,
1106 3317 1188 3390 viri·

224 3437 287 3510 tim
305 3458 468 3510 centenos
485 3463 647 3509 nummos
663 3437 850 3510 divideret:
874 3463 978 3533 quam
991 3438 1085 3508 velut
1099 3439 1189 3532 pub-

222 3556 326 3629 licam
353 3555 584 3652 largitionem,
611 3559 722 3647 Otho,
755 3554 987 3629 secretioribus
1009 3555 1101 3650 apud
1125 3558 1189 3626 srn·

222 3676 323 3771 gulos
349 3673 514 3770 praemiis,
545 3673 770 3747 intendebat:
797 3674 884 3745 adeo
914 3672 1086 3746 animosus
1114 3698 1188 3746 cor·

223 3813 356 3889 ruptor,
370 3813 415 3865 ut
439 3792 587 3864 Cocceio
610 3794 773 3882 Procu10,
803 3791 1017 3889 speculatori,
1035 3794 1079 3865 de
1096 3813 1191 3888 parte

223 3911 351 3995 finium
378 3936 460 3989 cum
487 3909 603 3985 ticino
630 3911 836 4010 ambigenti,
866 3911 1063 3993 universum
1085 3906 1192 3993 vieini

653 4030 736 4129 04
