<?xml version="1.0" encoding="UTF-8"?>
<!DOCTYPE html PUBLIC "-//W3C//DTD XHTML 1.0 Transitional//EN"
    "http://www.w3.org/TR/xhtml1/DTD/xhtml1-transitional.dtd">
<html xmlns="http://www.w3.org/1999/xhtml" xml:lang="en" lang="en">
 <head>
  <title>
</title>
<meta http-equiv="Content-Type" content="text/html;charset=utf-8" />
  <meta name='ocr-system' content='tesseract 3.04.00' />
  <meta name='ocr-capabilities' content='ocr_page ocr_carea ocr_par ocr_line ocrx_word'/>
</head>
<body>
  <div class='ocr_page' id='page_1' title='image "./ccorneliitaciti02ernegoog_0045.png"; bbox 0 0 3000 5144; ppageno 0'>
   <div class='ocr_carea' id='block_1_1' title="bbox 330 550 1111 650">
    <p class='ocr_par' dir='ltr' id='par_1_1' title="bbox 330 550 1111 650">
     <span class='ocr_line' id='line_1_1' title="bbox 330 550 1111 650; baseline 0.009 -29"><span class='ocrx_word' id='word_1_1' title='bbox 330 553 374 650; x_wconf 80' lang='lat'>36</span> <span class='ocrx_word' id='word_1_2' title='bbox 534 550 1111 628; x_wconf 74' lang='lat' dir='ltr'>C.Connat11Tncrr1</span> 
     </span>
    </p>
   </div>
   <div class='ocr_carea' id='block_1_2' title="bbox 239 722 1371 4002">
    <p class='ocr_par' dir='ltr' id='par_1_2' title="bbox 328 722 1371 2589">
     <span class='ocr_line' id='line_1_2' title="bbox 329 722 1296 822; baseline -0.005 -26"><span class='ocrx_word' id='word_1_3' title='bbox 329 728 437 818; x_wconf 83' lang='lat' dir='ltr'>Juxta</span> <span class='ocrx_word' id='word_1_4' title='bbox 453 725 560 796; x_wconf 89' lang='lat' dir='ltr'>Curtii</span> <span class='ocrx_word' id='word_1_5' title='bbox 578 727 706 814; x_wconf 89' lang='lat' dir='ltr'>lacum,</span> <span class='ocrx_word' id='word_1_6' title='bbox 733 725 961 822; x_wconf 85' lang='lat' dir='ltr'>trepidatione</span> <span class='ocrx_word' id='word_1_7' title='bbox 978 723 1163 797; x_wconf 90' lang='lat' dir='ltr'>serentium</span> <span class='ocrx_word' id='word_1_8' title='bbox 1181 722 1296 793; x_wconf 84' lang='lat' dir='ltr'>Galba</span> 
     </span>
     <span class='ocr_line' id='line_1_3' title="bbox 329 843 1297 941; baseline -0.002 -29"><span class='ocrx_word' id='word_1_9' title='bbox 329 843 497 939; x_wconf 72' lang='lat' dir='ltr'>projectus</span> <span class='ocrx_word' id='word_1_10' title='bbox 525 869 543 915; x_wconf 97' lang='lat' dir='ltr'>e</span> <span class='ocrx_word' id='word_1_11' title='bbox 573 844 663 932; x_wconf 76' lang='lat' dir='ltr'>sellrl,</span> <span class='ocrx_word' id='word_1_12' title='bbox 683 870 723 917; x_wconf 89' lang='lat' dir='ltr'>ac</span> <span class='ocrx_word' id='word_1_13' title='bbox 749 846 950 941; x_wconf 87' lang='lat' dir='ltr'>provolutus</span> <span class='ocrx_word' id='word_1_14' title='bbox 979 844 1037 915; x_wconf 89' lang='lat' dir='ltr'>est.</span> <span class='ocrx_word' id='word_1_15' title='bbox 1089 843 1297 912; x_wconf 86' lang='lat' dir='ltr'>Extremam</span> 
     </span>
     <span class='ocr_line' id='line_1_4' title="bbox 329 954 1297 1060; baseline -0.005 -28"><span class='ocrx_word' id='word_1_16' title='bbox 329 958 401 1056; x_wconf 87' lang='lat' dir='ltr'>ejus</span> <span class='ocrx_word' id='word_1_17' title='bbox 425 988 560 1049; x_wconf 78' lang='lat' dir='ltr'>rocem,</span> <span class='ocrx_word' id='word_1_18' title='bbox 587 984 624 1035; x_wconf 90' lang='lat' dir='ltr'>ut</span> <span class='ocrx_word' id='word_1_19' title='bbox 642 964 766 1060; x_wconf 89' lang='lat' dir='ltr'>cuique</span> <span class='ocrx_word' id='word_1_20' title='bbox 783 963 918 1052; x_wconf 88' lang='lat' dir='ltr'>odium,</span> <span class='ocrx_word' id='word_1_21' title='bbox 946 981 1003 1034; x_wconf 88' lang='lat' dir='ltr'>aut</span> <span class='ocrx_word' id='word_1_22' title='bbox 1020 957 1200 1033; x_wconf 89' lang='lat' dir='ltr'>admiratio</span> <span class='ocrx_word' id='word_1_23' title='bbox 1217 954 1297 1045; x_wconf 89' lang='lat' dir='ltr'>suit,</span> 
     </span>
     <span class='ocr_line' id='line_1_5' title="bbox 329 1077 1297 1176; baseline -0.004 -27"><span class='ocrx_word' id='word_1_24' title='bbox 329 1079 422 1150; x_wconf 67' lang='lat' dir='ltr'>rarii¹</span> <span class='ocrx_word' id='word_1_25' title='bbox 465 1082 655 1175; x_wconf 64' lang='lat' dir='ltr'>prodidere.</span> <span class='ocrx_word' id='word_1_26' title='bbox 711 1082 783 1154; x_wconf 80' lang='lat' dir='ltr'>Alii</span> <span class='ocrx_word' id='word_1_27' title='bbox 820 1079 1018 1176; x_wconf 86' lang='lat' dir='ltr'>suppliciter</span> <span class='ocrx_word' id='word_1_28' title='bbox 1059 1077 1297 1172; x_wconf 74' lang='lat' dir='ltr'>interrogasse,</span> 
     </span>
     <span class='ocr_line' id='line_1_6' title="bbox 332 1192 1299 1293; baseline -0.006 -25"><span class='ocrx_word' id='word_1_29' title='bbox 332 1203 359 1239; x_wconf 92' lang='lat'><strong>“</strong></span> <span class='ocrx_word' id='word_1_30' title='bbox 378 1197 462 1292; x_wconf 91' lang='lat' dir='ltr'>quid</span> <span class='ocrx_word' id='word_1_31' title='bbox 490 1199 568 1270; x_wconf 92' lang='lat' dir='ltr'>mali</span> <span class='ocrx_word' id='word_1_32' title='bbox 588 1199 759 1271; x_wconf 83' lang='lat' dir='ltr'>meruisset</span> <span class='ocrx_word' id='word_1_33' title='bbox 773 1200 813 1270; x_wconf 85' lang='lat'>?’&#39;</span> <span class='ocrx_word' id='word_1_34' title='bbox 844 1205 1015 1293; x_wconf 88' lang='lat' dir='ltr'>“paucos</span> <span class='ocrx_word' id='word_1_35' title='bbox 1032 1196 1102 1268; x_wconf 86' lang='lat' dir='ltr'>dies</span> <span class='ocrx_word' id='word_1_36' title='bbox 1119 1192 1299 1265; x_wconf 86' lang='lat' dir='ltr'>exsolven-</span> 
     </span>
     <span class='ocr_line' id='line_1_7' title="bbox 330 1308 1300 1412; baseline -0.004 -25"><span class='ocrx_word' id='word_1_37' title='bbox 330 1308 358 1356; x_wconf 72' lang='lat' dir='ltr'>tc</span> <span class='ocrx_word' id='word_1_38' title='bbox 377 1318 425 1387; x_wconf 89' lang='lat' dir='ltr'>do</span> <span class='ocrx_word' id='word_1_39' title='bbox 456 1317 647 1388; x_wconf 87' lang='lat' dir='ltr'>donativo’&#39;</span> <span class='ocrx_word' id='word_1_40' title='bbox 683 1319 919 1412; x_wconf 91' lang='lat' dir='ltr'>deprecatum.</span> <span class='ocrx_word' id='word_1_41' title='bbox 987 1317 1107 1386; x_wconf 89' lang='lat' dir='ltr'>Plures</span> <span class='ocrx_word' id='word_1_42' title='bbox 1139 1312 1300 1385; x_wconf 78' lang='lat' dir='ltr'>obtulisse</span> 
     </span>
     <span class='ocr_line' id='line_1_8' title="bbox 329 1430 1299 1531; baseline -0.005 -25"><span class='ocrx_word' id='word_1_43' title='bbox 329 1435 418 1506; x_wconf 92' lang='lat' dir='ltr'>ultro</span> <span class='ocrx_word' id='word_1_44' title='bbox 443 1435 691 1529; x_wconf 82' lang='lat' dir='ltr'>percussoribus</span> <span class='ocrx_word' id='word_1_45' title='bbox 706 1434 887 1531; x_wconf 84' lang='lat' dir='ltr'>jugulum,</span> <span class='ocrx_word' id='word_1_46' title='bbox 923 1440 1110 1530; x_wconf 84' lang='lat' dir='ltr'>“agerent</span> <span class='ocrx_word' id='word_1_47' title='bbox 1149 1456 1189 1503; x_wconf 89' lang='lat' dir='ltr'>ac</span> <span class='ocrx_word' id='word_1_48' title='bbox 1219 1430 1299 1502; x_wconf 91' lang='lat' dir='ltr'>feri·</span> 
     </span>
     <span class='ocr_line' id='line_1_9' title="bbox 331 1549 1371 1650; baseline -0.003 -28"><span class='ocrx_word' id='word_1_49' title='bbox 331 1559 359 1596; x_wconf 91' lang='lat'><strong>“</strong></span> <span class='ocrx_word' id='word_1_50' title='bbox 378 1574 464 1640; x_wconf 89' lang='lat' dir='ltr'>rent,</span> <span class='ocrx_word' id='word_1_51' title='bbox 491 1556 511 1623; x_wconf 83' lang='lat' dir='ltr'>sr</span> <span class='ocrx_word' id='word_1_52' title='bbox 542 1552 623 1624; x_wconf 88' lang='lat' dir='ltr'>itae</span> <span class='ocrx_word' id='word_1_53' title='bbox 645 1553 818 1647; x_wconf 69' lang='lat' dir='ltr'>republica</span> <span class='ocrx_word' id='word_1_54' title='bbox 834 1552 1039 1623; x_wconf 88' lang='lat' dir='ltr'>videretur.&#39;’</span> <span class='ocrx_word' id='word_1_55' title='bbox 1088 1551 1173 1621; x_wconf 93' lang='lat' dir='ltr'>Non</span> <span class='ocrx_word' id='word_1_56' title='bbox 1192 1549 1298 1620; x_wconf 88' lang='lat' dir='ltr'>inter·</span> <span class='ocrx_word' id='word_1_57' title='bbox 1367 1640 1371 1650; x_wconf 29' lang='grc' dir='ltr'>Ι</span> 
     </span>
     <span class='ocr_line' id='line_1_10' title="bbox 329 1666 1299 1765; baseline -0.003 -25"><span class='ocrx_word' id='word_1_58' title='bbox 329 1666 394 1742; x_wconf 92' lang='lat' dir='ltr'>suit</span> <span class='ocrx_word' id='word_1_59' title='bbox 412 1669 646 1742; x_wconf 90' lang='lat' dir='ltr'>occidentium</span> <span class='ocrx_word' id='word_1_60' title='bbox 666 1669 752 1765; x_wconf 91' lang='lat' dir='ltr'>quid</span> <span class='ocrx_word' id='word_1_61' title='bbox 768 1669 905 1740; x_wconf 88' lang='lat' dir='ltr'>diceret.</span> <span class='ocrx_word' id='word_1_62' title='bbox 942 1671 998 1740; x_wconf 90' lang='lat' dir='ltr'>De</span> <span class='ocrx_word' id='word_1_63' title='bbox 1017 1669 1210 1764; x_wconf 86' lang='lat' dir='ltr'>percuffore</span> <span class='ocrx_word' id='word_1_64' title='bbox 1228 1692 1299 1738; x_wconf 88' lang='lat' dir='ltr'>non</span> 
     </span>
     <span class='ocr_line' id='line_1_11' title="bbox 329 1785 1299 1882; baseline -0.002 -24"><span class='ocrx_word' id='word_1_65' title='bbox 329 1787 405 1859; x_wconf 88' lang='lat' dir='ltr'>satis</span> <span class='ocrx_word' id='word_1_66' title='bbox 433 1787 582 1858; x_wconf 83' lang='lat' dir='ltr'>constat:</span> <span class='ocrx_word' id='word_1_67' title='bbox 614 1786 757 1882; x_wconf 88' lang='lat' dir='ltr'>quidam</span> <span class='ocrx_word' id='word_1_68' title='bbox 785 1785 1043 1874; x_wconf 87' lang='lat' dir='ltr'>“Terentitrm,</span> <span class='ocrx_word' id='word_1_69' title='bbox 1068 1787 1299 1857; x_wconf 83' lang='lat' dir='ltr'>evocatum:”</span> 
     </span>
     <span class='ocr_line' id='line_1_12' title="bbox 328 1903 1298 1978; baseline 0 -2"><span class='ocrx_word' id='word_1_70' title='bbox 328 1904 386 1976; x_wconf 91' lang='lat' dir='ltr'>alii</span> <span class='ocrx_word' id='word_1_71' title='bbox 412 1911 439 1946; x_wconf 87' lang='lat'><strong>“</strong></span> <span class='ocrx_word' id='word_1_72' title='bbox 453 1905 646 1978; x_wconf 89' lang='lat' dir='ltr'>Lecanium</span> <span class='ocrx_word' id='word_1_73' title='bbox 660 1907 696 1976; x_wconf 88' lang='lat'>:”</span> <span class='ocrx_word' id='word_1_74' title='bbox 729 1903 878 1977; x_wconf 85' lang='lat' dir='ltr'>crebrior</span> <span class='ocrx_word' id='word_1_75' title='bbox 905 1903 996 1975; x_wconf 87' lang='lat' dir='ltr'>sama</span> <span class='ocrx_word' id='word_1_76' title='bbox 1019 1903 1160 1976; x_wconf 86' lang='lat' dir='ltr'>tradidit</span> <span class='ocrx_word' id='word_1_77' title='bbox 1186 1912 1212 1946; x_wconf 91' lang='lat'><strong>“</strong></span> <span class='ocrx_word' id='word_1_78' title='bbox 1231 1904 1298 1976; x_wconf 89' lang='lat' dir='ltr'>Ca-</span> 
     </span>
     <span class='ocr_line' id='line_1_13' title="bbox 332 2021 1299 2119; baseline 0.001 -26"><span class='ocrx_word' id='word_1_79' title='bbox 332 2030 359 2064; x_wconf 89' lang='lat'><strong>“</strong></span> <span class='ocrx_word' id='word_1_80' title='bbox 378 2023 543 2110; x_wconf 91' lang='lat' dir='ltr'>murium,</span> <span class='ocrx_word' id='word_1_81' title='bbox 571 2022 844 2119; x_wconf 74' lang='lat' dir='ltr'>quintadecima</span> <span class='ocrx_word' id='word_1_82' title='bbox 878 2022 1021 2118; x_wconf 84' lang='lat' dir='ltr'>legionis</span> <span class='ocrx_word' id='word_1_83' title='bbox 1044 2021 1205 2110; x_wconf 91' lang='lat' dir='ltr'>militem,</span> <span class='ocrx_word' id='word_1_84' title='bbox 1231 2021 1299 2094; x_wconf 91' lang='lat' dir='ltr'>im·</span> 
     </span>
     <span class='ocr_line' id='line_1_14' title="bbox 332 2136 1300 2236; baseline 0.001 -26"><span class='ocrx_word' id='word_1_85' title='bbox 332 2147 360 2182; x_wconf 91' lang='lat'><strong>“</strong></span> <span class='ocrx_word' id='word_1_86' title='bbox 379 2143 487 2234; x_wconf 84' lang='lat' dir='ltr'>presso</span> <span class='ocrx_word' id='word_1_87' title='bbox 517 2139 647 2236; x_wconf 84' lang='lat' dir='ltr'>gladio,</span> <span class='ocrx_word' id='word_1_88' title='bbox 675 2137 841 2234; x_wconf 83' lang='lat' dir='ltr'>jugulum</span> <span class='ocrx_word' id='word_1_89' title='bbox 866 2136 935 2236; x_wconf 84' lang='lat' dir='ltr'>ejus</span> <span class='ocrx_word' id='word_1_90' title='bbox 958 2141 1135 2212; x_wconf 84' lang='lat' dir='ltr'>hausrffe.&#39;&#39;</span> <span class='ocrx_word' id='word_1_91' title='bbox 1183 2141 1300 2211; x_wconf 86' lang='lat' dir='ltr'>Ceteri</span> 
     </span>
     <span class='ocr_line' id='line_1_15' title="bbox 330 2255 1301 2353; baseline 0.002 -25"><span class='ocrx_word' id='word_1_92' title='bbox 330 2281 427 2328; x_wconf 88' lang='lat' dir='ltr'>crura</span> <span class='ocrx_word' id='word_1_93' title='bbox 455 2257 662 2353; x_wconf 88' lang='lat' dir='ltr'>brachiaque</span> <span class='ocrx_word' id='word_1_94' title='bbox 693 2261 793 2350; x_wconf 90' lang='lat' dir='ltr'>(nam</span> <span class='ocrx_word' id='word_1_95' title='bbox 823 2258 942 2352; x_wconf 70' lang='lat' dir='ltr'>pectus</span> <span class='ocrx_word' id='word_1_96' title='bbox 967 2258 1166 2352; x_wconf 85' lang='lat' dir='ltr'>tegebatur)</span> <span class='ocrx_word' id='word_1_97' title='bbox 1204 2255 1301 2330; x_wconf 67' lang='lat' dir='ltr'>foede</span> 
     </span>
     <span class='ocr_line' id='line_1_16' title="bbox 332 2371 1300 2471; baseline 0.002 -26"><span class='ocrx_word' id='word_1_98' title='bbox 332 2375 521 2446; x_wconf 62' lang='lat' dir='ltr'>laniavere:</span> <span class='ocrx_word' id='word_1_99' title='bbox 561 2376 726 2471; x_wconf 83' lang='lat' dir='ltr'>pleraque</span> <span class='ocrx_word' id='word_1_100' title='bbox 755 2376 911 2463; x_wconf 87' lang='lat' dir='ltr'>vulnera,</span> <span class='ocrx_word' id='word_1_101' title='bbox 948 2371 1080 2446; x_wconf 88' lang='lat' dir='ltr'>feritate</span> <span class='ocrx_word' id='word_1_102' title='bbox 1102 2378 1136 2446; x_wconf 74' lang='grc' dir='ltr'>ὅτ</span> <span class='ocrx_word' id='word_1_103' title='bbox 1160 2373 1300 2466; x_wconf 70' lang='lat' dir='ltr'>saevitil,</span> 
     </span>
     <span class='ocr_line' id='line_1_17' title="bbox 330 2491 872 2589; baseline -0.002 -26"><span class='ocrx_word' id='word_1_104' title='bbox 330 2513 453 2564; x_wconf 89' lang='lat' dir='ltr'>trunco</span> <span class='ocrx_word' id='word_1_105' title='bbox 472 2491 548 2588; x_wconf 88' lang='lat' dir='ltr'>jam</span> <span class='ocrx_word' id='word_1_106' title='bbox 573 2493 706 2588; x_wconf 86' lang='lat' dir='ltr'>corpori</span> <span class='ocrx_word' id='word_1_107' title='bbox 731 2492 872 2589; x_wconf 71' lang='lat' dir='ltr'>adjecta.</span> 
     </span>
    </p>

    <p class='ocr_par' dir='ltr' id='par_1_3' title="bbox 331 2609 1304 3411">
     <span class='ocr_line' id='line_1_18' title="bbox 380 2609 1302 2708; baseline 0.004 -27"><span class='ocrx_word' id='word_1_108' title='bbox 380 2613 497 2682; x_wconf 90' lang='lat' dir='ltr'>XLll.</span> <span class='ocrx_word' id='word_1_109' title='bbox 521 2612 661 2682; x_wconf 78' lang='lat' dir='ltr'>Tironi</span> <span class='ocrx_word' id='word_1_110' title='bbox 689 2610 770 2681; x_wconf 90' lang='lat' dir='ltr'>inde</span> <span class='ocrx_word' id='word_1_111' title='bbox 798 2609 941 2682; x_wconf 88' lang='lat' dir='ltr'>Vinium</span> <span class='ocrx_word' id='word_1_112' title='bbox 966 2609 1138 2683; x_wconf 66' lang='lat' dir='ltr'>invasere:</span> <span class='ocrx_word' id='word_1_113' title='bbox 1163 2613 1302 2708; x_wconf 90' lang='lat' dir='ltr'>dequo</span> 
     </span>
     <span class='ocr_line' id='line_1_19' title="bbox 333 2725 1304 2826; baseline 0.003 -27"><span class='ocrx_word' id='word_1_114' title='bbox 333 2725 465 2823; x_wconf 86' lang='lat' dir='ltr'>&amp;ipso</span> <span class='ocrx_word' id='word_1_115' title='bbox 493 2727 694 2824; x_wconf 82' lang='lat' dir='ltr'>ambigitur,</span> <span class='ocrx_word' id='word_1_116' title='bbox 720 2726 963 2823; x_wconf 91' lang='lat' dir='ltr'>consumpserit</span> <span class='ocrx_word' id='word_1_117' title='bbox 998 2753 1043 2800; x_wconf 92' lang='lat' dir='ltr'>ne</span> <span class='ocrx_word' id='word_1_118' title='bbox 1079 2753 1203 2801; x_wconf 88' lang='lat' dir='ltr'>vocem</span> <span class='ocrx_word' id='word_1_119' title='bbox 1229 2729 1304 2826; x_wconf 87' lang='lat' dir='ltr'>ejus</span> 
     </span>
     <span class='ocr_line' id='line_1_20' title="bbox 331 2845 1302 2940; baseline 0.003 -23"><span class='ocrx_word' id='word_1_120' title='bbox 331 2845 459 2917; x_wconf 89' lang='lat' dir='ltr'>instans</span> <span class='ocrx_word' id='word_1_121' title='bbox 485 2866 610 2932; x_wconf 88' lang='lat' dir='ltr'>metus,</span> <span class='ocrx_word' id='word_1_122' title='bbox 633 2871 676 2915; x_wconf 87' lang='lat' dir='ltr'>an</span> <span class='ocrx_word' id='word_1_123' title='bbox 699 2845 969 2940; x_wconf 86' lang='lat' dir='ltr'>proclamaverit,</span> <span class='ocrx_word' id='word_1_124' title='bbox 1016 2852 1043 2886; x_wconf 89' lang='lat'><strong>“</strong></span> <span class='ocrx_word' id='word_1_125' title='bbox 1057 2871 1129 2917; x_wconf 92' lang='lat' dir='ltr'>non</span> <span class='ocrx_word' id='word_1_126' title='bbox 1161 2850 1228 2920; x_wconf 86' lang='lat' dir='ltr'>effe</span> <span class='ocrx_word' id='word_1_127' title='bbox 1256 2851 1302 2920; x_wconf 92' lang='lat' dir='ltr'>ab</span> 
     </span>
     <span class='ocr_line' id='line_1_21' title="bbox 334 2963 1303 3060; baseline 0.003 -25"><span class='ocrx_word' id='word_1_128' title='bbox 334 2972 361 3005; x_wconf 78' lang='lat'>‘⁴</span> <span class='ocrx_word' id='word_1_129' title='bbox 379 2966 520 3035; x_wconf 91' lang='lat' dir='ltr'>Othone</span> <span class='ocrx_word' id='word_1_130' title='bbox 540 2964 755 3052; x_wconf 92' lang='lat' dir='ltr'>mandatum,</span> <span class='ocrx_word' id='word_1_131' title='bbox 773 2983 813 3034; x_wconf 93' lang='lat' dir='ltr'>ut</span> <span class='ocrx_word' id='word_1_132' title='bbox 829 2963 1074 3036; x_wconf 88' lang='lat' dir='ltr'>occideretur.”</span> <span class='ocrx_word' id='word_1_133' title='bbox 1123 2967 1232 3060; x_wconf 82' lang='lat' dir='ltr'>Qtod</span> <span class='ocrx_word' id='word_1_134' title='bbox 1245 2965 1303 3039; x_wconf 91' lang='lat' dir='ltr'>seu</span> 
     </span>
     <span class='ocr_line' id='line_1_22' title="bbox 333 3080 1301 3177; baseline 0.002 -23"><span class='ocrx_word' id='word_1_135' title='bbox 333 3082 434 3154; x_wconf 87' lang='lat' dir='ltr'>finxit</span> <span class='ocrx_word' id='word_1_136' title='bbox 447 3080 645 3168; x_wconf 88' lang='lat' dir='ltr'>formidine,</span> <span class='ocrx_word' id='word_1_137' title='bbox 664 3080 720 3152; x_wconf 89' lang='lat' dir='ltr'>seu</span> <span class='ocrx_word' id='word_1_138' title='bbox 734 3080 939 3153; x_wconf 74' lang='lat' dir='ltr'>conscientia</span> <span class='ocrx_word' id='word_1_139' title='bbox 956 3080 1199 3177; x_wconf 90' lang='lat' dir='ltr'>conjurationis</span> <span class='ocrx_word' id='word_1_140' title='bbox 1217 3110 1301 3156; x_wconf 56' lang='lat' dir='ltr'>con*</span> 
     </span>
     <span class='ocr_line' id='line_1_23' title="bbox 335 3197 1301 3296; baseline 0.003 -25"><span class='ocrx_word' id='word_1_141' title='bbox 335 3199 436 3272; x_wconf 82' lang='lat' dir='ltr'>sessus</span> <span class='ocrx_word' id='word_1_142' title='bbox 453 3199 522 3270; x_wconf 85' lang='lat' dir='ltr'>est:</span> <span class='ocrx_word' id='word_1_143' title='bbox 550 3200 618 3270; x_wconf 88' lang='lat' dir='ltr'>hoc</span> <span class='ocrx_word' id='word_1_144' title='bbox 635 3199 747 3293; x_wconf 75' lang='lat' dir='ltr'>potius</span> <span class='ocrx_word' id='word_1_145' title='bbox 765 3197 837 3294; x_wconf 84' lang='lat' dir='ltr'>ejus</span> <span class='ocrx_word' id='word_1_146' title='bbox 864 3199 936 3269; x_wconf 87' lang='lat' dir='ltr'>vita</span> <span class='ocrx_word' id='word_1_147' title='bbox 963 3199 1124 3296; x_wconf 87' lang='lat' dir='ltr'>famaque</span> <span class='ocrx_word' id='word_1_148' title='bbox 1143 3200 1301 3291; x_wconf 88' lang='lat' dir='ltr'>inclinat,</span> 
     </span>
     <span class='ocr_line' id='line_1_24' title="bbox 334 3314 1304 3411; baseline 0.002 -22"><span class='ocrx_word' id='word_1_149' title='bbox 334 3338 372 3389; x_wconf 89' lang='lat' dir='ltr'>ut</span> <span class='ocrx_word' id='word_1_150' title='bbox 389 3317 541 3388; x_wconf 88' lang='lat' dir='ltr'>conscius</span> <span class='ocrx_word' id='word_1_151' title='bbox 557 3315 687 3388; x_wconf 87' lang='lat' dir='ltr'>sceleris</span> <span class='ocrx_word' id='word_1_152' title='bbox 704 3315 820 3405; x_wconf 88' lang='lat' dir='ltr'>suerit,</span> <span class='ocrx_word' id='word_1_153' title='bbox 850 3314 945 3411; x_wconf 89' lang='lat' dir='ltr'>cujus</span> <span class='ocrx_word' id='word_1_154' title='bbox 962 3314 1058 3390; x_wconf 85' lang='lat' dir='ltr'>causa</span> <span class='ocrx_word' id='word_1_155' title='bbox 1075 3339 1172 3390; x_wconf 88' lang='lat' dir='ltr'>erat..</span> <span class='ocrx_word' id='word_1_156' title='bbox 1208 3325 1304 3392; x_wconf 89' lang='lat' dir='ltr'>Ante</span> 
     </span>
    </p>

    <p class='ocr_par' dir='ltr' id='par_1_4' title="bbox 239 3432 1303 3763">
     <span class='ocr_line' id='line_1_25' title="bbox 335 3432 1302 3531; baseline 0.003 -26"><span class='ocrx_word' id='word_1_157' title='bbox 335 3434 447 3506; x_wconf 86' lang='lat' dir='ltr'>aedem</span> <span class='ocrx_word' id='word_1_158' title='bbox 475 3433 546 3506; x_wconf 93' lang='lat' dir='ltr'>divi</span> <span class='ocrx_word' id='word_1_159' title='bbox 574 3434 658 3527; x_wconf 88' lang='lat' dir='ltr'>Julii</span> <span class='ocrx_word' id='word_1_160' title='bbox 687 3432 811 3528; x_wconf 91' lang='lat' dir='ltr'>jacuit,</span> <span class='ocrx_word' id='word_1_161' title='bbox 834 3433 945 3528; x_wconf 90' lang='lat' dir='ltr'>primo</span> <span class='ocrx_word' id='word_1_162' title='bbox 968 3435 1037 3507; x_wconf 72' lang='lat' dir='ltr'>ictu</span> <span class='ocrx_word' id='word_1_163' title='bbox 1059 3435 1094 3506; x_wconf 93' lang='lat' dir='ltr'>in</span> <span class='ocrx_word' id='word_1_164' title='bbox 1118 3436 1302 3531; x_wconf 85' lang='lat' dir='ltr'>poplitem,</span> 
     </span>
     <span class='ocr_line' id='line_1_26' title="bbox 239 3535 1303 3646; baseline 0.005 -24"><span class='ocrx_word' id='word_1_165' title='bbox 239 3535 240 3538; x_wconf 8' lang='grc' dir='ltr'><strong>Ἴ</strong></span> <span class='ocrx_word' id='word_1_166' title='bbox 336 3577 421 3623; x_wconf 90' lang='lat' dir='ltr'>mox</span> <span class='ocrx_word' id='word_1_167' title='bbox 445 3555 488 3623; x_wconf 91' lang='lat' dir='ltr'>ab</span> <span class='ocrx_word' id='word_1_168' title='bbox 510 3551 604 3646; x_wconf 88' lang='lat' dir='ltr'>Julio</span> <span class='ocrx_word' id='word_1_169' title='bbox 619 3552 724 3638; x_wconf 88' lang='lat' dir='ltr'>Caro,</span> <span class='ocrx_word' id='word_1_170' title='bbox 749 3549 936 3646; x_wconf 86' lang='lat' dir='ltr'>legionario</span> <span class='ocrx_word' id='word_1_171' title='bbox 963 3553 1084 3643; x_wconf 87' lang='lat' dir='ltr'>milite,</span> <span class='ocrx_word' id='word_1_172' title='bbox 1111 3554 1147 3625; x_wconf 92' lang='lat' dir='ltr'>in</span> <span class='ocrx_word' id='word_1_173' title='bbox 1168 3575 1303 3628; x_wconf 90' lang='lat' dir='ltr'>utrum·</span> 
     </span>
     <span class='ocr_line' id='line_1_27' title="bbox 336 3668 837 3763; baseline -0.004 -24"><span class='ocrx_word' id='word_1_174' title='bbox 336 3693 405 3763; x_wconf 89' lang='lat' dir='ltr'>que</span> <span class='ocrx_word' id='word_1_175' title='bbox 430 3671 514 3740; x_wconf 88' lang='lat' dir='ltr'>latus</span> <span class='ocrx_word' id='word_1_176' title='bbox 539 3668 837 3740; x_wconf 83' lang='lat' dir='ltr'>transverberatus.</span> 
     </span>
    </p>

    <p class='ocr_par' dir='ltr' id='par_1_5' title="bbox 336 3784 1305 4002">
     <span class='ocr_line' id='line_1_28' title="bbox 388 3784 1304 3884; baseline 0.005 -28"><span class='ocrx_word' id='word_1_177' title='bbox 388 3787 520 3858; x_wconf 89' lang='lat' dir='ltr'>XLlll.</span> <span class='ocrx_word' id='word_1_178' title='bbox 546 3788 741 3856; x_wconf 64' lang='lat' dir='ltr'>Iunctum</span> <span class='ocrx_word' id='word_1_179' title='bbox 769 3785 827 3882; x_wconf 68' lang='lat' dir='ltr'>illl</span> <span class='ocrx_word' id='word_1_180' title='bbox 852 3784 909 3856; x_wconf 93' lang='lat' dir='ltr'>die</span> <span class='ocrx_word' id='word_1_181' title='bbox 926 3785 1041 3859; x_wconf 88' lang='lat' dir='ltr'>virum</span> <span class='ocrx_word' id='word_1_182' title='bbox 1057 3789 1304 3884; x_wconf 87' lang='lat' dir='ltr'>Sempronium</span> 
     </span>
     <span class='ocr_line' id='line_1_29' title="bbox 336 3895 1305 4002; baseline 0.009 -29"><span class='ocrx_word' id='word_1_183' title='bbox 336 3900 492 3974; x_wconf 88' lang='lat' dir='ltr'>Densum</span> <span class='ocrx_word' id='word_1_184' title='bbox 517 3920 595 3973; x_wconf 86' lang='lat' dir='ltr'>aetas</span> <span class='ocrx_word' id='word_1_185' title='bbox 624 3900 737 3974; x_wconf 88' lang='lat' dir='ltr'>nostra</span> <span class='ocrx_word' id='word_1_186' title='bbox 751 3900 850 3973; x_wconf 87' lang='lat' dir='ltr'>vidit.</span> <span class='ocrx_word' id='word_1_187' title='bbox 900 3895 1063 3977; x_wconf 82' lang='lat' dir='ltr'>Centurio</span> <span class='ocrx_word' id='word_1_188' title='bbox 1083 3904 1112 3978; x_wconf 87' lang='lat' dir='ltr'>is</span> <span class='ocrx_word' id='word_1_189' title='bbox 1136 3908 1305 4002; x_wconf 79' lang='lat' dir='ltr'>pratoriae</span> 
     </span>
    </p>
   </div>
   <div class='ocr_carea' id='block_1_3' title="bbox 0 0 1517 5144">
    <p class='ocr_par' dir='ltr' id='par_1_6' title="bbox 0 0 1517 5144">
     <span class='ocr_line' id='line_1_30' title="bbox 0 0 1517 5144; baseline 0 0"><span class='ocrx_word' id='word_1_190' title='bbox 0 0 1517 5144; x_wconf 95' lang='lat' dir='ltr'> </span> 
     </span>
    </p>
   </div>
  </div>
 </body>
</html>
