3000 5144
354 479 398 550 66
583 477 1090 594 C.Cortnr·:t11Tncrrr

352 659 381 694 “
400 680 504 749 qnam
526 653 661 726 familiae
686 653 877 728 senatorum
893 656 938 726 ad
955 653 1143 751 perniciem
1164 651 1313 726 Othonis

352 779 379 812 “
398 775 648 843 armarentur:”
672 800 748 869 pars
774 773 898 871 ignati,
917 774 1050 846 &vino
1073 798 1215 870 graves:
1240 772 1312 868 pes-

350 893 452 961 smus
470 891 611 987 quisque
638 892 671 963 in
693 897 905 964 occasionem
930 894 1145 987 praedarum:
1173 893 1313 987 vulgus,

350 1030 389 1082 ut
407 1036 480 1080 mos
497 1009 558 1098 est,
578 1008 819 1106 cujuscumque
838 1013 953 1082 motlts
969 1010 1052 1081 novi
1069 1008 1255 1105 cupidum:
1280 1012 1313 1081 ὃ(

349 1127 512 1223 obsequia
539 1129 718 1201 meliorum
745 1154 816 1200 nox
844 1129 1038 1201 abstulerat.
1088 1126 1315 1201 Resistentem

350 1246 504 1320 seditioni
539 1248 726 1335 tribunum,
761 1251 794 1319 br
824 1246 1043 1318 severissimos
1074 1244 1314 1318 centurionum

350 1370 581 1438 obtruncant:
613 1388 707 1460 rapta
724 1391 830 1453 arma,
857 1364 976 1437 nudati
994 1364 1112 1463 gladii,
1135 1364 1314 1436 insidentes

347 1485 587 1581 eqnisUrbern
601 1511 640 1556 ac
659 1484 821 1580 palatium
840 1503 971 1579 petunt.

397 1604 569 1675 LXXXI.
612 1605 724 1674 Ennr
756 1601 887 1675 Othoni
927 1604 1058 1674 celebre
1092 1600 1312 1689 convivium,

351 1719 558 1817 primoribus
587 1718 722 1792 feminis
747 1719 915 1817 virisque3
951 1720 1010 1816 qui
1038 1719 1175 1816 trepidi,
1208 1716 1315 1791 sottu-

349 1838 458 1912 itusne
476 1837 624 1911 militum
641 1837 749 1928 furor,
778 1866 821 1911 an
848 1840 947 1911 dolus
975 1837 1206 1934 Imperatorio,
1240 1862 1314 1909 ma-

348 1984 428 2030 nere
454 1984 492 2029 ac
517 1959 743 2054 deprehendi,
770 1984 813 2030 an
832 1958 949 2055 sugere
975 1963 1007 2029 8(
1035 1955 1196 2053 dispergi,
1226 1954 1314 2051 peri-

349 2078 494 2148 culosius
511 2075 621 2160 soret;
651 2078 758 2149 modi)
776 2076 1000 2149 constantiam
1023 2077 1188 2162 simulate,
1206 2073 1315 2147 modo

349 2193 533 2265 formidine
555 2196 683 2290 detegi,
715 2197 812 2266 fimul
841 2194 989 2267 Othonis
1011 2196 1146 2266 vultum
1170 2191 1312 2265 intueri:

348 2335 457 2407 utque
486 2312 615 2400 evenit,
663 2314 831 2385 inclinatis
860 2315 904 2384 ad
939 2312 1161 2409 suspicionem
1194 2310 1315 2384 menti·

348 2431 426 2515 bus,
445 2430 526 2500 clim
543 2431 675 2502 timeret
692 2434 802 2520 otho,
830 2432 1026 2504 timebatur.
1076 2431 1142 2502 Sed
1158 2430 1250 2501 haud
1267 2427 1315 2500 se-

347 2575 408 2621 cus
425 2547 617 2619 discrimine
639 2548 782 2640 senatlrs,
802 2552 908 2646 quim
927 2550 985 2623 suo
1001 2548 1149 2638 territus,
1175 2554 1207 2622 δι
1227 2574 1314 2644 prae·

347 2667 454 2739 sectos
479 2668 639 2761 praetorii,
664 2671 708 2740 ad
735 2670 940 2767 mitigandas
964 2668 1113 2740 militum
1143 2667 1219 2756 itas,
1249 2667 1315 2739 sta-

346 2786 410 2857 tint
423 2784 569 2874 miserat,
590 2792 622 2858 ὃ(
651 2797 676 2829 “
691 2789 784 2861 abire
802 2788 945 2884 propere
961 2811 1112 2859 omnese
1129 2784 1315 2860 convivio''

342 2904 446 3002 juffit.
495 2906 592 2977 Tum
613 2906 695 3000 verb
711 2910 826 3003 passim
841 2907 1069 3003 magistratus,
1089 2904 1247 3002 projeffis
1263 2904 1316 2977 in·

350 3025 513 3121 signibur,
541 3024 644 3099 vitata
663 3025 832 3097 comitum
858 3030 890 3097 ὃ(
918 3024 1090 3100 servorum
1109 3023 1313 3121 frequentis,

348 3144 441 3215 senes
464 3142 684 3239 feminaque,
715 3168 775 3239 per
791 3146 959 3231 tenebras,
988 3142 1116 3215 diversa
1132 3143 1240 3215 Urbis
1261 3142 1316 3214 iti·

347 3288 439 3348 nera,
459 3261 522 3332 rari
539 3264 676 3351 domos,
702 3262 841 3358 plurimi
857 3262 1047 3335 amicorum
1071 3265 1172 3350 teda,
1202 3266 1249 3350 ἃ,
1278 3282 1317 3334 ut

348 3381 473 3477 cuique
499 3381 712 3454 humillimus
744 3382 862 3471 cliens,
886 3382 1026 3454 incertas
1055 3381 1196 3453 latebras
1228 3380 1314 3475 peti-

349 3502 440 3571 vire.

397 3620 588 3692 LXXXll.
621 3622 814 3692 Mrtrrunr
845 3619 992 3714 impetus
1014 3643 1057 3689 ne
1078 3616 1208 3690 foribus
1238 3618 1315 3713 qui-

346 3740 426 3809 dem
441 3735 553 3831 palatii
572 3737 751 3823 co‘e'rcitus,
772 3736 957 3831 quominus
970 3736 1170 3808 convivium
1182 3736 1314 3807 intum-

348 3875 482 3953 perent,
520 3861 546 3908 ⁴‘
565 3855 694 3944 ostendi
723 3853 783 3929 fibi
811 3857 1013 3928 Othonem”
1038 3854 1313 3954 expostulantes:
