3000 5144
430 535 830 607 Hrsroninnoir
860 535 1042 608 Liall.
1169 557 1230 626 141

262 706 426 802 Judaicus'
442 707 613 780 exercitus
635 706 756 803 quinto
781 708 903 780 Nonas
926 707 1035 802 Julias
1061 709 1153 804 apud
1181 707 1233 804 ip·

260 827 337 901 sum
354 823 508 925 jurasset,
527 850 569 897 eo
594 826 729 914 ardore,
747 847 785 898 ut
809 851 853 898 ne
868 827 970 899 Titus
986 827 1128 923 quidem
1145 828 1236 900 filius

261 944 529 1043 exspestaretur,
552 943 646 1040 Syriai
664 969 832 1034 remeans,
858 950 892 1018 ἃ
915 946 1133 1037 consiliorum
1149 945 1236 1018 inter

260 1065 472 1139 Mucianum
487 1090 526 1136 ac
550 1084 681 1159 patrem
701 1065 860 1137 nuntius:
881 1067 1006 1138 cunda
1020 1066 1153 1161 impetu
1170 1065 1235 1137 mi-

263 1183 363 1256 litum
391 1185 489 1256 ada:
517 1207 588 1254 non
614 1186 728 1278 paratal
750 1183 931 1274 concione,
950 1210 1019 1258 non
1042 1182 1234 1281 conjundis

189 1335 192 1341 ·
265 1303 472 1400 legionibus.

310 1423 466 1494 LXXX.
483 1423 579 1495 Dun
599 1422 762 1518 quaeritur
778 1442 915 1517 tempus
926 1420 1102 1518 locusque,
1123 1423 1235 1519 quod·

263 1566 333 1638 que
357 1541 393 1613 in
417 1566 453 1613 re
476 1539 534 1613 tali
552 1540 796 1613 difficillimum
815 1540 877 1630 est,
902 1540 1010 1638 prima
1026 1566 1120 1627 v0x3
1149 1542 1237 1614 dum

264 1659 381 1733 animo
398 1659 485 1756 spes,
500 1658 618 1747 timor,
639 1659 736 1748 rati0,
751 1659 844 1732 casus
862 1659 1106 1746 obversantur;
1125 1660 1237 1757 egres·

265 1775 340 1851 sum
371 1778 534 1852 cubiculo
562 1776 821 1874 Vespasianum,
859 1779 958 1875 pauci
987 1780 1112 1853 milites
1138 1780 1238 1853 solito

263 1897 454 1970 adsistentes
473 1896 608 1987 ordine,
637 1920 676 1969 ut
692 1900 849 1995 legatum
877 1897 1064 1988 salutaturi,
1090 1901 1238 1994 Impera-

265 2031 358 2089 torem
374 2015 571 2088 salutavdre.
620 2018 718 2089 Tum
735 2017 853 2107 ceteri,
867 2018 1060 2106 adcurrere,
1076 2019 1238 2114 Caesarem,

268 2137 495 2232 &Augustum
515 2136 683 2226 &omnia
700 2136 912 2233 principatsis
928 2138 1097 2211 vocabula
1114 2137 1238 2211 eumu-

265 2257 356 2329 lare:
396 2281 494 2328 mens
517 2281 537 2328 a
561 2277 655 2329 meru
687 2256 733 2328 ad
759 2255 933 2329 fortunam
957 2261 1137 2330 transierat.
1196 2260 1238 2330 ln

266 2373 341 2473 ipso
360 2375 446 2447 nihil
464 2374 655 2465 tumidum,
680 2376 866 2474 adrogans,
889 2397 947 2450 aut
971 2377 1007 2448 in
1023 2380 1125 2451 rebus
1141 2377 1240 2451 novis

267 2520 400 2569 novum
427 2492 512 2580 suit;
542 2515 581 2567 ut
610 2494 763 2590 primurn
789 2515 892 2568 tantae
918 2496 1150 2572 multitudinis
1174 2500 1238 2571 ob·

267 2612 376 2687 fusam
393 2613 501 2687 oculis
524 2613 710 2712 caliginem
740 2612 889 2713 disjecit,
918 2614 1110 2689 militariter
1140 2619 1239 2690 locu·

158 2803 160 2806 .
266 2750 335 2820 tus,
354 2733 431 2805 laeta
447 2733 579 2823 omnia,
610 2739 642 2806 δι
660 2732 847 2807 adfluentia
863 2733 1021 2832 excepit:
1045 2733 1189 2833 jamque
1205 2736 1242 2809 id

266 2850 378 2948 ipsum
389 2851 569 2948 opperiens
582 2853 783 2945 Mucianus,
795 2855 941 2928 alacrem
955 2853 1099 2926 militem
1113 2854 1149 2926 in
1165 2880 1240 2928 ver-

269 2975 315 3045 ba
331 2971 524 3068 Vespasiani
542 2972 670 3069 adegit.
719 2974 816 3044 Turn
835 2973 1117 3046 Antiochensium
1143 2976 1239 3046 thea-

268 3109 362 3201 trum
376 3090 553 3187 ingressus,
567 3091 629 3163 ubi
645 3089 712 3162 illis
724 3091 913 3165 consultare
929 3118 1005 3165 mos
1017 3092 1079 3182 est,
1098 3118 1240 3166 concur·

268 3229 393 3299 rentes,
422 3210 508 3284 &in
525 3210 759 3283 adulationem
784 3209 904 3283 effusos
925 3211 1138 3307 adloquitur:
1166 3213 1242 3286 satis

269 3329 416 3401 decorus
439 3330 542 3402 etiam
572 3333 694 3402 Graecsa
713 3327 885 3418 sacundiil,
908 3329 1138 3426 omniumque
1162 3357 1239 3427 quae

267 3447 410 3537 diceret,
430 3468 533 3544 atque
550 3470 676 3545 ageret,
689 3469 757 3522 arte
770 3449 919 3545 quddam
937 3447 1128 3520 ostentator.
1173 3451 1240 3523 Ni·

269 3566 318 3640 hil
334 3567 432 3664 aeque
444 3567 656 3664 provinciam
675 3567 933 3663 exercitumque
945 3567 1115 3657 accendit,
1134 3569 1242 3665 quani

271 3685 368 3784 quiid
384 3685 600 3759 adseverabat
617 3686 819 3775 Mucianus,
843 3693 869 3728 “
883 3683 1030 3759 statuifl'e
1047 3687 1241 3777 Vitellium,

272 3814 301 3849 “
319 3829 356 3879 ut
373 3803 593 3879 Germanicas
611 3804 762 3901 legiones
783 3804 817 3877 in
842 3805 988 3901 Syriam,
1017 3807 1062 3878 ad
1084 3805 1241 3880 militiam

275 3933 302 3969 “
320 3927 520 4024 opulentam
539 3923 773 4021 quietamque,
799 3924 1011 3999 transferret:
1042 3929 1160 4002 contra
1179 3930 1240 4024 Sy-
