3000 5144
393 528 799 604 Hrsrournnunt
834 534 943 607 Lru.
977 533 1025 608 II.
1156 535 1201 631 87

223 718 328 796 atque
355 719 426 772 arte
453 706 660 798 compositus
687 703 876 776 alliciendis
911 704 1015 778 etiam
1043 704 1204 777 Muciani

225 817 390 890 moribus.
431 820 580 892 Tribuni
598 821 891 918 centurionesque,
911 829 944 896 ὃς
962 826 1089 920 vulgus
1106 822 1200 896 mili.

223 954 314 1025 tum,
343 936 525 1026 industrii,
549 938 698 1029 licentias,
726 965 786 1035 per
804 941 960 1030 virtutes,
989 967 1049 1037 per
1073 943 1199 1038 volup·

222 1072 323 1143 tates,
351 1075 390 1126 ut
408 1055 533 1152 cuique
551 1056 744 1154 ingenium,
773 1058 1053 1135 adsciscebantur.

269 1174 331 1244 Vl.
357 1177 592 1261 narseum
610 1176 710 1248 Titus
724 1179 937 1268 adventaret,
951 1177 1201 1251 sacramentum

221 1290 372 1363 Othonis
388 1315 566 1389 acceperat
581 1315 726 1392 uterque
742 1296 924 1384 exercitus,
951 1296 1199 1393 praecipitibus‚

221 1430 261 1482 ut
278 1412 409 1500 assolet,
436 1412 576 1501 nuntiis,
595 1414 739 1487 &tarda
755 1416 847 1486 mole
864 1415 970 1487 civilis
987 1417 1083 1504 belli,
1103 1416 1201 1512 quod

221 1531 326 1626 longai
343 1533 528 1604 concordia
546 1531 681 1628 quietus
699 1532 835 1622 Oriens,
859 1552 942 1606 tunc
966 1533 1119 1629 primirm
1138 1558 1199 1629 pa·

220 1650 327 1721 rabat.
376 1653 543 1747 Namque
569 1651 654 1723 olim
673 1651 877 1723 validissima
897 1652 986 1724 inter
1011 1651 1044 1724 se
1067 1652 1199 1728 civium

129 1820 131 1824 ψ
219 1793 329 1858 arma,
348 1768 385 1839 in
398 1769 508 1857 Italis,
527 1770 698 1858 Gallialve,
717 1772 846 1842 viribus
857 1769 1059 1843 Occidentis
1072 1792 1198 1867 coepta.

220 1890 268 1958 Et
284 1887 466 1982 Pompeio,
492 1890 616 1978 Caffio,
635 1893 753 1978 Brut0‚
777 1888 948 1977 Antonio,
969 1914 1055 1984 quos
1072 1912 1196 1961 omnes

217 2025 421 2078 transmare
441 2005 596 2080 secutum
623 2008 671 2079 est
696 2007 796 2079 civile
822 2009 969 2096 bellum,
998 2007 1091 2079 haud
1117 2032 1198 2102 pro-

218 2122 304 2220 speri
332 2125 446 2197 exitus
474 2124 620 2199 fuerant.
671 2125 863 2223 Auditique
889 2124 1012 2222 saepius
1039 2125 1075 2197 in
1103 2125 1200 2220 Syria

217 2244 409 2339 Judaealque
425 2243 588 2334 Caesares,
615 2245 722 2341 quim
740 2242 892 2340 inspeeli.
922 2247 1052 2318 Nulla
1076 2244 1196 2319 seditio

216 2362 423 2460 legionum:
454 2366 590 2437 tantlun
614 2364 775 2437 adversus
792 2365 937 2436 Parthos
953 2365 1071 2453 minae,
1100 2362 1196 2437 vario

215 2503 356 2555 eventu.
400 2485 447 2554 Et
463 2482 622 2579 proximo
634 2481 727 2555 civili
740 2483 846 2571 bello,
870 2482 1013 2554 turbatis
1030 2481 1118 2572 aliis,
1142 2482 1196 2554 in·

215 2604 377 2675 conculsa
392 2601 441 2675 ibi
459 2627 552 2698 pax:
580 2601 664 2672 dein
681 2601 767 2672 fides
785 2625 868 2697 erga
885 2601 1047 2673 Galbam.
1082 2604 1192 2691 Mox,

214 2740 254 2793 ut
270 2727 297 2763 “
314 2722 491 2794 Othonem
509 2746 550 2792 ac
562 2719 743 2791 Vitellium
759 2718 904 2792 scelestis
928 2718 1031 2791 armis
1048 2744 1100 2791 res
1117 2723 1194 2793 Ro·

216 2847 244 2882 “
261 2865 378 2913 manas
391 2859 529 2936 raptum
543 2839 633 2928 ire,'’
650 2840 833 2935 vulgatum
847 2837 909 2926 est,
923 2863 967 2909 ne
986 2864 1089 2933 penes
1101 2860 1192 2912 cete·

214 2985 269 3032 ros
297 2958 433 3055 imperii
456 2956 610 3054 praemia,
650 2982 755 3052 penes
785 2956 874 3053 ipsos
901 2957 1037 3028 tantum
1067 2956 1192 3030 servitii
1284 2988 1288 2996 ·

213 3080 384 3152 necessitas
408 3079 504 3166 esset,
534 3075 679 3147 fremere
703 3074 816 3164 miles,
846 3080 880 3147 &
910 3074 1000 3147 vires
1025 3073 1097 3147 suas
1124 3075 1189 3148 cir·

213 3196 434 3293 cumspicere.
483 3196 620 3290 Septem
646 3193 800 3290 legiones
821 3193 946 3281 statim,
971 3197 1004 3264 ὃς
1030 3219 1113 3266 cum
1137 3193 1190 3265 in·

214 3317 374 3414 gentibus
400 3314 535 3387 auxiliis
561 3312 655 3409 Syria
682 3313 897 3408 Judaeaque:
928 3313 1008 3384 inde
1029 3312 1192 3387 continua

211 3437 405 3533 AEgyptus‚
447 3435 597 3529 duaeque
630 3430 812 3527 legiones:
852 3431 932 3503 hinc
966 3433 1192 3527 Cappadocia

211 3552 422 3649 Pontusque,
450 3550 673 3648 &quidquid
695 3548 885 3622 castrorum
902 3549 1188 3647 Armeniisprae·

210 3672 376 3745 tenditur.
427 3675 521 3760 Asia,
541 3676 708 3742 &ceterae
728 3666 928 3763 provinciae,
956 3692 1018 3740 nec
1035 3667 1189 3745 vitorum

210 3789 348 3886 inopes,
367 3794 400 3863 δι
419 3789 573 3887 pecunia
590 3789 789 3884 opulentae:
818 3807 986 3882 quantum
1003 3785 1189 3863 insularum

695 3904 727 3976 G
753 3930 777 3994 4
