2978 5144
257 501 304 575 32
438 472 481 546 C.
522 468 789 548 Conuarrt
831 472 1032 550 Tnctrt

361 604 373 629 ,

254 649 349 725 abest
370 651 415 723 ab
438 649 646 738 infirmitate,
671 649 708 722 in
732 676 803 747 quo
826 649 894 722 sola
914 647 1037 722 sanitas
1062 648 1253 722 laudatur.

254 769 327 842 Vos
342 768 441 858 vetd,
463 768 685 857 disertissimi,
702 789 740 841 ut
757 768 909 866 potestis,
927 787 965 840 ut
982 766 1114 858 facitis,
1135 767 1251 840 inlus-

254 907 342 961 trate
373 887 535 960 saeculum
569 888 721 961 nostrum
753 886 983 982 pulcherrimo
1017 912 1152 984 genere
1186 885 1249 958 di·

255 1007 369 1079 cendi.
418 1009 513 1079 Nam
531 1011 563 1079 &
582 1026 630 1096 te,
649 1008 808 1095 Messala,
826 1005 931 1078 video
947 1005 1119 1078 laetiffima
1137 1031 1246 1102 quae·

256 1152 328 1222 que
354 1125 573 1221 antiquomm
597 1125 810 1198 imitantem:
841 1131 875 1198 δι
897 1149 974 1213 vos,
1000 1126 1171 1197 Materne
1199 1150 1248 1198 ac

256 1245 427 1334 Secunde,
453 1244 498 1316 ita
514 1244 673 1341 gravitati
698 1243 855 1317 sensuum
877 1243 1024 1316 nitorem
1044 1245 1245 1317 &cultum

256 1367 445 1437 verborum
462 1361 631 1448 miscetis3
657 1389 696 1435 ea
711 1364 832 1436 electio
849 1361 1072 1451 inventionis,
1099 1361 1130 1434 is
1148 1364 1245 1436 ordo

255 1507 384 1570 rerum,
408 1486 441 1553 δι
460 1479 619 1577 quotiens
635 1481 734 1554 causa
750 1480 872 1578 poscit,
891 1482 1046 1566 ubertas;
1065 1505 1122 1572 ea,
1143 1506 1239 1578 quo·

256 1600 343 1673 tiens
359 1600 582 1697 permittitur,
607 1599 767 1688 brevitas,
792 1600 820 1672 is
837 1599 1095 1696 compositionis
1111 1603 1240 1691 decor,

254 1744 297 1792 ea
312 1718 551 1792 sententiarum
564 1719 708 1816 planitas
725 1717 788 1808 est,
806 1721 850 1792 lic
868 1717 1059 1814 exprimitis
1074 1719 1239 1809 assessus,

257 1842 303 1912 fic
318 1839 511 1911 libertatem
526 1837 737 1935 temperatis,
752 1857 791 1910 ut
811 1837 912 1910 etiam
929 1841 951 1909 fi
968 1837 1081 1910 nostra
1101 1835 1242 1933 judicia

256 1957 455 2055 malignitas
483 1962 515 2030 δι
541 1957 673 2029 invidia
694 1955 891 2048 tardaverit,
919 1981 1042 2030 verum
1064 1958 1110 2030 de
1131 1958 1239 2032 vobis

256 2077 379 2150 dicturi
398 2081 460 2148 srnt
477 2076 602 2173 posteri
618 2074 736 2147 nostri.

304 2197 442 2267 XXIV.
483 2199 584 2289 Qun
611 2193 694 2266 cum
723 2198 821 2290 Aper
851 2194 1000 2284 dixisset,
1033 2194 1238 2293 Agnoscitis

255 2335 314 2398 ne,
339 2309 451 2406 inquit
468 2311 650 2400 Maternus,
674 2311 747 2383 vim
765 2317 798 2385 &
818 2315 974 2387 ardorem
993 2313 1081 2410 Apri
1099 2313 1234 2387 nostri?

256 2453 328 2525 quo
344 2427 475 2522 impetu
492 2426 653 2500 saeculum
671 2430 823 2505 nostrum
840 2432 1014 2505 defendit!
1047 2433 1155 2528 quam
1171 2457 1237 2506 co·

255 2545 353 2642 piose
381 2571 421 2618 ac
441 2545 534 2617 varie
551 2548 691 2620 vexavit
711 2549 896 2647 antiquos!
929 2570 1059 2648 quanto
1084 2546 1159 2622 non
1177 2549 1235 2624 so·

255 2667 331 2738 lum
349 2665 488 2763 ingenio
504 2691 543 2738 ac
559 2664 688 2761 spiritu,
701 2668 872 2741 sedetiam
885 2669 1124 2742 eruditione&
1143 2688 1233 2759 arte,

255 2789 301 2859 ab
318 2785 396 2882 ipfis
417 2805 591 2856 mutuatus
609 2785 672 2874 est,
703 2811 765 2881 per
785 2814 861 2884 quae
879 2813 964 2860 mox
981 2787 1068 2884 ipsos
1087 2788 1232 2861 incesse-

256 2906 328 2978 ret!
380 2905 503 2975 Tuum
525 2923 655 2991 tamen,
686 2908 845 2995 Messala,
875 2907 1076 3002 promissum
1103 2907 1234 2980 immu-

151 3077 153 3082 -
256 3025 338 3097 tasse
354 3048 423 3094 non
440 3023 567 3094 debes:
598 3047 712 3119 neque
737 3024 830 3096 enim
854 3024 1044 3098 defensores
1069 3025 1234 3122 antiquo·

256 3168 334 3215 rum
352 3141 537 3238 exigimus,
563 3168 626 3214 nec
644 3168 858 3239 quemquam
876 3143 1084 3232 nostrorum,
1104 3168 1233 3240 quam·

256 3287 364 3358 quam
381 3261 488 3333 modo
501 3261 630 3334 laudati
648 3262 778 3351 sumus,
793 3262 858 3350 his,
878 3289 966 3359 quos
982 3262 1162 3335 inseetatus
1180 3262 1231 3335 est

256 3384 369 3475 Aper,
388 3405 652 3475 comparamus:
677 3407 777 3453 acne
799 3380 868 3477 ipse
886 3382 1027 3478 quidem
1046 3383 1090 3453 ita
1112 3380 1230 3473 sentit,

256 3497 314 3571 sed
333 3524 427 3571 more
444 3499 565 3586 veteri,
585 3502 618 3569 &
635 3525 656 3571 a
673 3500 792 3572 vestris
809 3499 1018 3597 philosophis
1034 3500 1122 3598 saepe
1139 3503 1231 3573 cele-

257 3618 371 3707 brat0,
411 3615 550 3713 sumpsit
583 3617 642 3691 srbi
676 3618 933 3691 contradicendi
963 3638 1085 3715 partes.
1152 3620 1231 3692 Ex·

258 3760 379 3830 prome
406 3736 518 3826 nobis,
545 3762 615 3808 non
640 3736 873 3809 laudationem
896 3737 1131 3834 antiquorum,
1155 3736 1232 3810 satis

256 3852 352 3925 enim
368 3853 444 3927 illos
461 3854 552 3929 sama
566 3854 625 3929 sua
640 3855 770 3949 laudat,
789 3854 847 3930 sed
867 3854 995 3950 causas,
1019 3882 1081 3930 cut
1096 3856 1133 3930 in
1154 3874 1229 3932 tan-
