3000 5144
426 555 814 630 Htsrontnnuu
847 559 955 634 Lra.
989 561 1054 633 III.
1166 587 1232 661 ¹99

260 754 325 804 res.
375 730 417 801 Id
434 731 581 820 bellum,
609 755 692 804 cum
715 738 820 806 causis
837 736 870 805 ὅτ
889 735 1069 809 eventibus
1088 736 1233 831 (etenim

260 850 398 947 longine
416 854 617 946 proveclum
633 852 698 946 est)
718 879 802 925 mox
816 854 1096 926 memorabimus.
1145 857 1232 927 Mo-

259 991 295 1042 ta
324 975 358 1042 bc
382 972 562 1043 Dacorum
589 997 686 1068 gens,
715 998 908 1069 numquam
935 974 1018 1060 fida,
1051 993 1135 1046 tunc
1165 978 1232 1045 fine

259 1110 368 1179 metu,
402 1089 554 1162 abducto
587 1114 606 1161 e
641 1093 768 1163 Moesrd
802 1092 965 1163 exercitu.
1024 1093 1090 1162 Sed
1120 1092 1233 1186 prima

259 1232 374 1280 rerum
402 1207 509 1305 quieti
532 1209 812 1306 speculabantur:
844 1211 905 1283 ubi
929 1213 1073 1307 flagrare
1098 1210 1232 1281 Italiam

258 1329 365 1414 bellu,
395 1330 518 1399 cuncla
539 1328 691 1401 invicem
708 1329 853 1416 hostilia,
878 1331 1064 1426 accepere3
1094 1351 1231 1425 expug-

262 1445 349 1518 natis
366 1446 562 1520 cohortium
579 1449 780 1543 alarumque
804 1448 969 1536 hibernis,
998 1450 1142 1544 utraque
1159 1448 1233 1519 Da-

261 1564 357 1637 nubii
380 1565 452 1661 riplt
477 1559 710 1662 potiebantur:
754 1569 904 1663 Jamque
922 1567 1027 1639 castra
1052 1565 1232 1663 legionum

262 1683 462 1757 exscindere
491 1687 671 1780 parabant,
695 1684 731 1756 ni
757 1685 943 1758 Mucianus
966 1685 1097 1758 sextam
1121 1684 1232 1781 legio-

262 1827 343 1875 nem
368 1802 588 1899 opposuiffet‚
608 1803 845 1877 Cremonensis
860 1803 1008 1877 vidoriae
1025 1829 1166 1901 gnarus,
1192 1830 1233 1878 ac

262 1947 306 1993 ne
334 1942 476 1995 externa
503 1926 611 1995 moles
642 1922 817 2019 utrimque
849 1922 1034 2020 ingrueret,
1063 1924 1085 1993 st
1114 1924 1233 1995 Dacus

262 2041 522 2137 Germanusque
532 2042 653 2114 diverfi
671 2041 884 2137 inrupissent.
934 2039 1074 2128 Adfuit,
1092 2061 1129 2113 ut
1146 2039 1234 2136 saepe

260 2161 357 2248 aliis,
376 2159 511 2233 fortuna
535 2159 657 2257 populi
676 2160 844 2248 Romani,
863 2185 941 2257 quae
958 2160 1164 2233 Mucianum
1181 2158 1233 2231 vi-

260 2279 378 2376 resque
400 2278 549 2351 Orientis
568 2278 649 2351 illuc
674 2278 775 2352 tulit:
806 2285 839 2352 δι
866 2280 961 2377 quud
978 2280 1161 2353 Cremonae
1179 2279 1234 2351 in·

260 2398 359 2471 terim
393 2398 628 2496 transegimus.
690 2399 853 2471 Fonteius
886 2400 1047 2497 Agrippa
1079 2425 1123 2472 ex
1152 2401 1233 2472 Asia

265 2518 486 2614 (proconsule
504 2543 580 2591 eam
599 2517 814 2614 provinciam
830 2544 946 2591 annuo
970 2519 1116 2615 imperio
1132 2540 1233 2590 tenu·

262 2639 349 2730 erat)
376 2640 511 2709 Moesrae
539 2640 737 2733 praepositus
754 2637 820 2709 est:
851 2637 973 2709 additis
997 2637 1107 2733 copiis
1129 2661 1149 2709 e
1172 2637 1234 2709 Vi·

261 2755 399 2827 telliano
423 2755 592 2844 exercitu,
618 2780 722 2852 quem
739 2754 850 2852 spargi
875 2780 935 2851 per
959 2755 1167 2851 provincias,
1199 2759 1234 2828 δι

263 2896 407 2948 externo
425 2876 517 2946 bello
535 2874 685 2972 inligari,
704 2900 777 2970 pars
794 2873 937 2962 consilii,
955 2872 1113 2969 pacisque
1126 2892 1209 2945 erat.

313 2996 465 3066 XLVII.
502 2996 589 3065 Nnc
618 3015 739 3066 ceterae
767 2993 919 3065 nationes
956 2994 1107 3065 silebant.
1171 2995 1235 3066 Su·

264 3113 336 3186 bita
362 3139 422 3208 per
438 3117 589 3187 Pontum
607 3138 701 3185 arma
722 3114 905 3185 barbarum
932 3109 1156 3207 mancipium,
1182 3136 1235 3183 re·

264 3232 331 3329 giae
356 3233 532 3327 quondam
559 3233 663 3304 classis
688 3231 883 3327 praefectus,
910 3250 1087 3303 moverat:
1118 3228 1237 3302 isfuit

264 3351 445 3440 Anicetus,
473 3351 670 3423 Polemonis
688 3351 842 3437 libertus,
867 3370 1058 3445 praepoteus
1083 3348 1183 3438 olim,
1203 3354 1238 3421 δι

267 3470 448 3567 postquam
472 3496 620 3567 regnum
645 3470 680 3541 in
702 3467 849 3542 sormam
875 3467 1059 3564 provincia
1077 3486 1235 3557 verterat,

266 3590 464 3664 mutationis
481 3589 673 3685 impatiens.
722 3587 832 3684 Igitur
849 3585 976 3658 Vitellii
995 3585 1147 3673 nomine,
1176 3587 1237 3658 ad-

265 3710 355 3784 scitis
380 3709 552 3806 gentibus,
571 3735 647 3805 quae
665 3709 814 3780 Pontum
831 3707 1002 3792 accolunt,
1021 3724 1185 3799 corrupto
1200 3730 1235 3776 m

265 3830 361 3925 spem
389 3827 582 3923 rapinarum
609 3827 820 3924 egentissimo
846 3848 1001 3922 quoque,
1031 3824 1122 3895 haud
1147 3843 1236 3895 tem·

267 3948 390 4021 nendae
423 3948 546 4020 mantis
587 3946 725 4032 ductor,
760 3946 1033 4042 Trapezuntem,
1067 3941 1237 4018 vetustam

700 4065 735 4135 0
758 4088 783 4150 4
