3000 5144
402 553 795 627 Hrsroarnnun
822 554 932 629 L1a.
959 556 1005 628 ll.
1132 580 1196 630 121

233 737 329 805 rant;
357 725 387 762 “
405 744 468 792 nec
485 721 611 795 deinde
634 743 728 795 coetu
745 723 942 813 hominum,
971 742 1028 795 aut
1052 722 1201 797 circum-

233 838 498 911 “volitantium
526 840 662 929 alitum,
697 841 846 913 territam
872 841 1060 937 pulsamve,
1088 843 1201 915 donec

234 964 263 1003 ‘⁴
279 959 377 1031 Otho
400 956 435 1028 se
459 957 528 1054 ipse
545 957 768 1031 interficeret:
797 979 872 1032 tum
890 961 1040 1032 ablatam
1058 986 1102 1033 ex
1119 986 1202 1034 ocu-

234 1082 264 1121 “
282 1075 340 1148 lis:
371 1080 404 1148 &
425 1094 581 1172 tempora
596 1078 847 1173 reputantibus,
872 1079 1007 1153 initium
1024 1082 1202 1177 finemquo

234 1198 263 1241 “
281 1192 454 1282 miraculi,
476 1221 558 1268 cum
574 1196 723 1269 Othonis
738 1197 832 1269 exitu
849 1198 1082 1294 competiffe.’'

281 1313 344 1384 LI.
370 1315 413 1384 In
433 1313 549 1388 sunere
561 1311 646 1411 ejus,
664 1334 790 1387 novata
806 1317 901 1386 lustu
919 1342 959 1388 ac
975 1318 1094 1388 dolore
1111 1316 1200 1388 mili·

233 1449 311 1504 tum
336 1429 479 1503 seditio:
505 1458 568 1506 nec
597 1452 682 1521 erat,
713 1433 773 1529 qui
802 1437 982 1507 co'e'rceret.
1033 1436 1093 1506 Ad
1117 1437 1201 1506 Ver-

236 1550 370 1646 ginium
398 1554 497 1638 versa,
528 1552 636 1624 modi)
671 1559 749 1623 “ut
778 1551 944 1648 reciperet
974 1551 1203 1648 imperium,”

234 1692 326 1742 nunc
362 1677 388 1710 “
406 1689 444 1740 ut
469 1668 638 1765 legatione
661 1671 755 1766 apud
771 1671 947 1743 Caecinam
964 1695 1004 1743 ac
1020 1674 1203 1744 Valentem

235 1791 263 1828 “
280 1783 516 1882 fungeretur‚”
564 1787 759 1861 minitantes
798 1791 951 1860 orabant.
1017 1788 1203 1887 Verginius

235 1929 297 2000 per
313 1903 466 1977 aversam
491 1907 618 1979 dumbs
641 1928 774 2002 partem
792 1904 911 1979 furtim
935 1910 1124 2005 degressus,
1149 1907 1202 1980 in·

235 2044 431 2119 rumpentes
463 2023 637 2098 frustratus
665 2026 725 2099 est.
785 2029 928 2114 Earum,
957 2052 1035 2121 quae
1063 2024 1202 2099 Brixelli

235 2162 390 2240 egerant,
421 2145 618 2218 cohortium
641 2170 760 2241 preces
788 2144 943 2218 Rubrius
971 2146 1092 2217 Gallus
1114 2143 1203 2219 tulit.

236 2263 284 2335 Et
301 2262 404 2334 venia
430 2263 542 2336 statim
557 2264 751 2360 impetrata,
779 2263 1050 2337 concedentibus
1067 2265 1111 2337 ad
1128 2262 1203 2337 vic·

237 2399 361 2470 torem,
387 2407 447 2479 per
472 2383 633 2458 Flavium
655 2381 835 2471 Sabinum,
862 2380 902 2455 iis
931 2381 1053 2478 copiis,
1077 2381 1204 2480 quibus

237 2501 425 2595 prefuerat.

283 2622 363 2693 Lll.
388 2621 532 2693 Posrro
552 2621 681 2718 ubique
702 2622 808 2710 bello,
834 2646 962 2719 magna
979 2646 1055 2716 pars
1073 2620 1204 2694 senatlts
1266 2699 1269 2705 ,

237 2758 432 2812 extremum
459 2739 644 2812 discrimen
664 2739 762 2827 adiit,
787 2739 941 2835 profesio
961 2765 1044 2812 cum
1062 2741 1205 2811 Othone

237 2861 280 2931 ab
298 2861 411 2947 Urbe,
439 2859 519 2930 dein
549 2858 698 2932 Mutinae
723 2858 848 2931 relisis„
898 2858 986 2930 Illuc
1004 2857 1144 2930 adverso
1159 2859 1205 2931 de

239 2977 362 3072 proelio
378 2979 551 3050 adlatum:
581 2977 638 3049 sed
668 2976 807 3066 milites,
824 2998 864 3050 ut
886 2976 1006 3051 salsum
1029 3002 1206 3051 rumorem

238 3094 463 3190 aspernantes,
492 3096 587 3192 quod
608 3094 777 3168 infensum
793 3096 925 3168 Othoni
942 3095 1094 3201 senatum
1115 3094 1205 3170 arbi·

237 3216 427 3303 trahantur,
445 3214 613 3289 custodire
626 3213 808 3305 sermones,
826 3216 964 3287 vultum
981 3214 1206 3312 habitumque

239 3334 371 3405 trahere
410 3333 445 3404 in
468 3333 639 3405 deterius:
672 3333 838 3406 conviciis
862 3332 1033 3429 postremi)
1057 3358 1096 3406 ac
1125 3359 1204 3429 pro·

239 3449 309 3522 bris
341 3450 476 3524 causam
505 3456 539 3524 δε
571 3450 710 3524 initium
738 3450 841 3523 caedis
875 3451 1091 3547 quaerebant:
1123 3452 1206 3525 cum

239 3569 323 3641 alius
352 3569 488 3666 insuper
509 3590 620 3643 metus
643 3568 853 3642 senatoribus
873 3567 1022 3658 instaret,
1052 3594 1095 3641 ne
1120 3596 1206 3666 prae·

240 3688 362 3761 ualidis
381 3686 455 3783 jam
471 3689 601 3761 Vitellii
618 3689 786 3785 partibus,
817 3689 1014 3760 cunctanter
1038 3688 1207 3785 excepisse

241 3805 421 3878 vistoriam
454 3809 690 3880 crederentur:
730 3808 778 3879 ita
812 3806 935 3903 trepidi
968 3811 1002 3879 &-
1033 3806 1207 3906 utrimque

241 3925 335 3999 anxii
358 3930 505 4012 co‘e‘unt;
534 3952 639 3999 nemo
668 3925 826 4022 privatim
859 3924 1024 4023 expedito
1051 3928 1204 4020 consilio,
