3000 5144
349 560 757 635 H1sron1nnunr
790 561 902 637 Lrn.
928 563 974 641 11.
1083 585 1149 662 107

176 738 208 778 “
224 732 409 806 exercitui:
445 759 510 807 nec
541 734 732 810 exercitum
771 739 838 809 fine
875 736 983 834 copiis
1018 736 1153 812 retineri

178 859 208 898 “
226 855 333 950 posse.
384 857 464 949 jam
496 856 703 945 Germanos,
733 856 831 952 quod
864 881 971 952 genus
1000 856 1153 931 militurn

80 1058 83 1063 ¹
178 981 208 1017 “
226 974 322 1071 apud
343 972 456 1046 hostes
472 973 716 1048 atrocissimum
735 979 786 1066 sit,
809 978 917 1047 trano
943 975 978 1048 in
1001 976 1152 1055 aestatem

178 1100 208 1138 “
227 1095 334 1183 bello,
365 1094 467 1168 fluxis
484 1095 703 1191 corporibus,
736 1094 968 1175 mutationem
979 1093 1041 1168 soli
1059 1094 1152 1167 caeli·

179 1219 209 1256 “
226 1239 295 1310 que
320 1215 415 1286 haud
432 1216 644 1288 toleraturos.
694 1211 810 1287 Multa
826 1215 916 1286 bella
940 1213 1075 1309 impetu
1091 1240 1153 1290 va·

180 1339 208 1377 “
226 1333 309 1424 lida,
345 1359 407 1429 per
434 1335 537 1407 taedia
561 1340 595 1407 δι
628 1359 743 1407 moras
777 1333 959 1405 evanuisse.
1008 1334 1151 1422 Conni,

179 1458 209 1495 “
225 1451 303 1548 ipsrs
316 1452 434 1525 omnia
446 1455 624 1550 opulenta,
639 1457 671 1525 ἂ
691 1453 778 1525 fida:
805 1451 1036 1542 Pannoniam,
1054 1455 1153 1524 Mra,

180 1577 209 1615 “
228 1574 321 1660 fiam,
336 1573 563 1662 Dalmatiam,
580 1571 777 1661 Orientem,
798 1597 879 1644 cum
895 1570 1038 1669 integris
1054 1596 1151 1644 exer-

180 1696 209 1734 “
221 1691 373 1778 titibus3
399 1692 549 1781 Italiam,
570 1696 603 1764 a
620 1711 724 1787 caput
740 1715 852 1763 rerum
869 1692 1029 1775 Urbem;
1058 1689 1152 1764 sena·

180 1816 375 1908 “tumque
405 1815 438 1883 a
470 1813 657 1908 populum,
686 1835 880 1907 numquam
914 1809 1057 1883 obscura
1089 1835 1153 1882 no·

181 1934 210 1978 “
228 1929 336 2020 mina,
371 1932 427 2002 etsi
459 1931 646 2028 aliquando
681 1932 953 2003 obumbrenturt
996 1929 1152 2027 publicas

180 2047 442 2146 “privatasque
463 2075 560 2146 opes,
591 2055 625 2123 &
651 2048 856 2141 immensam
877 2047 1072 2144 pecuniam,
1099 2048 1153 2120 in-

178 2175 277 2241 “ter
300 2167 419 2241 civiles
440 2167 624 2244 discordias
645 2168 737 2243 ferro
762 2168 981 2241 validiorem:
1007 2193 1153 2264 corpora

179 2293 208 2336 “
226 2286 377 2360 militum
404 2309 463 2362 aut
490 2289 598 2362 ltaliae
625 2288 733 2379 sueta,
758 2307 818 2362 aut
846 2286 994 2361 aestibus.
1043 2286 1151 2385 Obja-

181 2413 209 2453 “
227 2433 303 2483 cere
318 2411 450 2484 flumen
467 2408 617 2500 Padum,
637 2427 726 2482 tutas
744 2407 823 2480 viris
842 2407 1014 2505 murisque
1029 2411 1151 2495 urbes;

180 2534 246 2601 “e
267 2526 394 2624 quibus
415 2529 548 2602 nullam
572 2528 662 2603 hosti
686 2530 864 2617 cellutam,
882 2527 1065 2600 Placentia
1091 2528 1152 2600 de-

179 2654 209 2697 “
227 2645 378 2720 senfione
393 2651 623 2744 exploratum.
664 2647 818 2720 Proinde
833 2648 975 2720 duceret
993 2648 1150 2721 bellum:

181 2772 210 2811 “
229 2766 345 2862 paucis
356 2766 479 2841 diebus
497 2767 829 2866 quartamdecimam
845 2766 1036 2864 legionem,
1054 2791 1153 2863 mag-

181 2892 210 2932 “
229 2887 272 2959 nd
294 2885 403 2982 ipsam
430 2884 536 2976 sams,
565 2913 647 2960 curn
672 2885 850 2961 Moefiacis
874 2885 981 2982 copiis
999 2885 1151 2958 adfore:

181 3011 301 3078 “tum
323 3005 434 3079 mrsus
459 3006 741 3096 deliberaturum,
766 3010 815 3094 δι,
846 3009 868 3078 sr
894 3004 1057 3102 ptoelium
1079 3007 1153 3102 pla-

181 3130 210 3172 “
229 3124 361 3215 cuillet,
385 3125 491 3198 auslis
508 3125 639 3198 viribus
656 3128 877 3198 certaturos.''

162 3307 165 3314 .
229 3245 407 3317 XXXIII.
433 3250 679 3319 Accnoaanr
709 3244 879 3318 sententiae
906 3243 1053 3317 Paullini
1070 3246 1153 3317 Ma-

183 3362 252 3436 rius
268 3361 402 3436 Celsus:
430 3364 567 3437 “idem
593 3367 727 3461 placere
750 3363 869 3437 Annio
895 3364 1038 3453 Gallo,’'
1068 3388 1153 3460 pau·

181 3508 243 3555 cos
268 3504 347 3558 ante
374 3483 446 3556 dies
470 3481 563 3581 lapsu
587 3484 667 3581 equi
686 3483 840 3573 adflisto,
870 3482 970 3573 missi,
993 3482 1054 3580 qui
1070 3508 1154 3556 con-

183 3599 295 3675 filium
323 3599 395 3700 ejus
423 3602 679 3694 sciscitarentur,
703 3604 898 3676 retulerant.
947 3604 1045 3675 Otho
1072 3628 1151 3699 pro-

183 3747 248 3794 nus
264 3723 309 3795 ad
326 3723 596 3796 decertandum:
616 3723 718 3797 frater
734 3719 806 3820 ejus
817 3721 992 3813 Titianus,
1012 3726 1045 3794 δι
1064 3745 1152 3817 prae-

182 3839 293 3914 seclus
323 3841 471 3938 praetotii
502 3844 682 3931 Proculus,
716 3839 887 3938 imperitia
915 3862 1153 3939 properantes,

183 3965 213 4050 ‚s‘
231 3957 421 4057 fortunam,
449 3965 483 4047 δι,
510 3964 608 4055 deos,
643 3967 833 4047 &numen
864 3960 1015 4039 Othonis
1042 3962 1155 4037 adesse
