3000 5144
351 459 757 538 Hrsroittnnnn
790 469 956 542 Lrs.l.
1106 493 1147 566 17

181 637 210 678 “
229 644 368 733 ‘rumpet
384 637 550 728 adulatio,
580 640 773 730 blanditiae,
800 647 980 739 peffimum
1002 642 1074 715 veri
1098 641 1148 715 af⁴

179 761 207 796 “
224 752 333 826 fedbs
367 781 554 847 venenum,
585 757 642 830 sua
675 759 802 856 cuique
828 761 964 833 utilitas.
1031 761 1148 832 Etiam

179 878 208 913 “
224 899 305 970 eg0,
324 900 364 947 ac
390 895 441 964 tu,
469 877 708 972 ssmpliciffimd
725 879 813 950 inter
831 905 893 950 nos
907 879 1013 951 hodie
1034 877 1147 973 loqui-

177 996 207 1031 “
224 1016 320 1064 mur:
347 993 466 1082 ceteri,
481 994 640 1067 libentibs
654 1020 735 1067 cum
748 993 884 1067 fortunb
899 997 1146 1091 nostrb,qu{1m

175 1115 205 1150 “
222 1108 413 1183 nobiscum.
463 1114 558 1186 Nam
585 1112 723 1184 suadere
744 1113 913 1208 Principi,
929 1114 1023 1209 quod
1043 1138 1145 1208 opor-

174 1233 203 1268 “
219 1246 300 1316 teat,
328 1228 430 1300 multi
458 1230 609 1302 laboris:
644 1231 820 1303 adsentatio
843 1255 922 1328 erga
946 1229 1143 1325 Principem

174 1352 203 1387 “
222 1371 496 1443 quemcumque,
523 1351 591 1420 sme
614 1348 739 1421 affectu
764 1349 977 1445 peragitur.''

219 1467 317 1536 XVI.
343 1471 371 1506 “
390 1465 427 1536 Sr
447 1465 656 1538 immensum
672 1466 806 1562 imperii
823 1491 947 1562 corpus
964 1467 1061 1556 stare,
1101 1492 1143 1541 ac

173 1589 203 1625 “
220 1582 348 1670 librari,
368 1586 436 1654 sine
453 1585 584 1656 rectore
600 1586 722 1679 pollet,
740 1583 869 1681 dignus
885 1611 992 1673 eram,
1022 1612 1043 1658 a
1071 1612 1143 1683 quo

172 1706 200 1742 “
218 1700 404 1796 respublica
419 1699 593 1796 inciperet.
642 1703 750 1774 Nunc
768 1703 810 1774 εὸ
827 1703 1027 1776 neceffitatis
1046 1702 1139 1800 jam-

171 1819 353 1915 “pridem
369 1840 514 1892 ventum
531 1820 592 1907 est,
621 1840 659 1893 ut
686 1845 750 1892 uec
775 1847 853 1893 mea
879 1822 1032 1893 senedus
1057 1847 1140 1893 con·
1208 1858 1211 1864 ·

170 1944 198 1979 “
215 1935 302 2010 ferre
319 1938 396 2033 plus
414 1939 544 2034 populo
566 1942 730 2011 Romano
752 1943 863 2035 poffit,
883 1941 990 2036 quim
1005 1943 1139 2014 bonum

168 2054 462 2139 “successorem
492 2081 557 2127 nec
584 2074 643 2129 tua
670 2058 747 2152 plus
768 2055 927 2154 juventa,
945 2059 1053 2154 quam
1070 2061 1136 2131 bo-

165 2169 298 2247 “num
330 2173 538 2270 Principem.
601 2177 672 2247 Sub
704 2175 859 2266 Tiberio,
896 2182 929 2248 &
963 2176 1064 2265 Cain,
1100 2182 1136 2250 δι

165 2297 194 2334 “
212 2293 374 2382 Claudio,
395 2293 495 2365 unius
513 2291 654 2365 familiae
677 2296 769 2389 quast
793 2293 961 2366 hereditas
982 2293 1132 2367 fuimus:

163 2416 193 2452 “
212 2412 290 2482 loco
315 2410 480 2485 libertatis
508 2411 583 2500 crit,
619 2411 714 2507 quod
742 2411 824 2507 eligi
853 2412 1034 2508 coepimus.
1087 2415 1135 2484 Et

166 2536 193 2571 “
211 2528 309 2601 finita
322 2529 497 2622 Juliorum
514 2529 811 2625 Claudiorumque
826 2530 948 2618 domo,
961 2528 1135 2626 optimum

164 2654 193 2690 “
211 2672 387 2744 quemque
402 2648 545 2744 adoptio
562 2645 725 2719 inveniet.
776 2650 873 2720 Nam
899 2648 1067 2746 generari,
1097 2653 1133 2721 δι

162 2764 297 2839 “nasci
325 2791 346 2837 a
374 2766 607 2861 Principibus,
636 2764 832 2854 fortuitum,
861 2791 925 2838 nec
942 2768 1029 2839 ultra
1046 2766 1132 2838 aesti-

162 2892 190 2927 “
209 2903 347 2970 matur;
376 2884 563 2979 adoptandi
590 2882 763 2980 judicium
795 2883 993 2981 integrum3
1031 2888 1079 2973 δι,
1108 2887 1131 2956 fi

160 3000 293 3073 “velis
326 3003 465 3100 eligere,
500 3001 663 3075 consensu
697 3003 912 3075 monstratur.
973 3002 1023 3074 Sit
1051 3022 1130 3075 ante

160 3127 189 3163 “
208 3121 327 3193 oculos
345 3123 453 3209 Nero,
483 3146 604 3217 quem,
633 3121 738 3216 longa
761 3119 933 3192 Caesarum
962 3118 1046 3190 serie
1073 3140 1129 3191 tu·

160 3245 188 3281 “
206 3260 374 3327 mentem,
403 3263 473 3310 non
499 3239 651 3326 Vindex,
682 3263 763 3310 cum
793 3237 915 3309 inermi
931 3237 1128 3332 provincial,

160 3362 189 3398 “
205 3377 264 3429 aut
279 3381 361 3454 ege,
385 3382 466 3429 cum
484 3360 560 3450 und¹
570 3356 721 3454 legione,
751 3355 809 3428 sed
834 3355 891 3427 sua
917 3354 1126 3444 immanitas,

158 3481 187 3516 “
204 3473 263 3546 sua
278 3473 413 3547 luxuria
429 3475 621 3548 cervicibus
639 3474 787 3570 publicis
802 3475 985 3569 depuldre:
1013 3498 1127 3568 neque

157 3598 185 3633 “
203 3611 273 3665 erat
291 3592 406 3664 adhuc
427 3593 581 3664 damnati
597 3591 766 3687 Principis
784 3591 997 3686 exemplum.
1049 3595 1126 3664 Nos

156 3716 186 3751 “
204 3711 310 3798 bell0,
329 3715 363 3784 ἃ
382 3713 426 3782 ab
444 3709 689 3782 aestimantibus
712 3709 845 3797 adsciti,
875 3734 955 3781 cum
983 3709 1125 3797 invidia,

152 3827 363 3924 “quamvis
392 3827 536 3926 egregii,
566 3827 703 3900 erimus.
759 3829 817 3900 Ne
846 3848 962 3901 tamen
989 3829 1123 3902 territus
