3000 5144
203 652 270 822 o
394 705 1162 826 cornuum

372 961 997 1096 TACJTJ

298 1251 1042 1355 HrsTorcr-AE.

356 1543 567 1620 LIBER
615 1549 997 1627 SECUNDUS.

376 1818 960 1854 —--·--—-—

200 1944 435 2090 Srauauar
456 2016 704 2115 jamfortuna,
732 2020 768 2092 in
785 2020 921 2093 diversas
945 2043 1040 2117 parte
1066 2044 1169 2097 terra·

198 2165 291 2227 tum,
319 2135 416 2208 initia
439 2137 619 2235 causasque
644 2139 809 2235 imperio:
838 2139 935 2236 q'uod
953 2142 1045 2214 varifi
1070 2142 1171 2233 sorte,

198 2259 317 2331 laetum
350 2255 562 2351 reipublicae,
602 2278 662 2330 aut
694 2278 807 2348 atrox,
841 2258 919 2354 ipsis
950 2261 1171 2358 Principibus

199 2375 415 2473 prosperum,
446 2395 505 2448 aut
531 2375 637 2449 exitio
665 2375 741 2448 suit.
790 2377 892 2449 Titus
909 2378 1130 2476 Vespasianus
1151 2407 1171 2454 e

199 2496 334 2589 Judaefr,
369 2493 535 2568 incolumi
564 2496 680 2568 adhuc
715 2497 842 2584 Galba,
873 2496 989 2569 missus
1013 2525 1033 2571 a
1061 2521 1170 2595 patre,

199 2613 333 2689 causam
350 2611 568 2708 professionis
593 2621 620 2655 “
638 2613 792 2686 officium
810 2638 890 2711 erga
906 2615 1117 2712 Principem,
1138 2623 1172 2694 bc

200 2741 227 2777 “
246 2752 413 2805 maturam
431 2733 586 2828 petendis
601 2732 791 2807 honoribus
801 2730 1010 2828 juventam''
1027 2735 1167 2809 serebat.

197 2853 264 2926 Sed
291 2853 418 2948 vulgus
434 2853 591 2949 fingendi
609 2852 768 2941 avidum,
795 2852 1006 2948 disperserat,
1033 2862 1061 2897 “
1079 2858 1170 2928 acci-

200 2980 229 3015 “
248 2994 323 3045 tum
346 2970 383 3042 in
408 2971 631 3067 adoptionem
647 2973 683 3044 :''
701 2971 841 3043 materia
867 2970 1095 3061 sermonibus,
1123 2975 1172 3047 se-

197 3093 294 3165 nium
329 3095 362 3162 &
395 3089 523 3162 orbitas
555 3087 737 3184 Principis,
775 3090 1094 3186 &intemperantia
1122 3092 1171 3166 ci·

199 3211 327 3299 vitatis,
363 3211 474 3281 donec
500 3235 589 3281 unus
622 3208 779 3305 eligatur,
811 3210 938 3280 multos
967 3209 1173 3283 destinandi.

199 3332 366 3427 Augebat
401 3327 543 3417 samam,
570 3327 680 3423 ipsius
706 3326 779 3396 Titi
806 3327 987 3422 ingenium
1020 3349 1173 3423 quantae·

201 3473 352 3545 cumque
376 3445 518 3518 fortunae
545 3472 669 3541 capax,
695 3446 799 3516 decor
821 3445 887 3516 oris
912 3471 994 3518 cum
1022 3453 1175 3542 quadam

201 3565 386 3663 majestate,
420 3563 588 3660 prosperae
625 3563 812 3659 Vespasiani
848 3588 912 3652 res,
944 3563 1094 3663 praesaga
1122 3594 1174 3641 re-

201 3685 334 3782 sponsa,
366 3691 399 3758 ὃς
429 3684 600 3756 inclinatis
623 3685 666 3755 ad
697 3682 909 3755 credendum
933 3683 1068 3774 animis,
1095 3689 1175 3759 loco

116 3862 124 3875 .
200 3804 360 3877 ominum
386 3803 489 3876 etiam
522 3801 672 3875 fortuita.
722 3800 796 3873 Ubi
826 3800 1001 3890 Corinthi,
1032 3806 1175 3879 Achaiae

200 3925 299 4014 urbe,
324 3942 435 4001 certos
460 3922 598 4001 nuntios
615 3919 748 4015 accepit
765 3920 809 3992 de
825 3917 962 3993 interitu
980 3922 1115 4013 Galba,
1142 3930 1176 4004 &

649 4040 683 4110 G
709 4062 729 4110 a
