3000 5144
338 508 384 578 30
551 475 1122 550 CConmnrrTncrrr

388 650 560 724 XXXIII.
587 657 614 692 ‘⁴
632 649 952 723 Fssrrunununr'’
976 647 1097 721 ceteris
1113 645 1312 736 ridebatur,¹

343 776 576 863 “antequam
610 768 772 842 cresceret
805 768 958 840 invalida
984 768 1097 841 adhuc
1125 763 1316 859 conjuratio

343 895 370 931 ‘⁴
390 911 590 982 paucorum.
638 887 908 984 Trepidaturum
926 885 1026 958 etiarn
1042 886 1235 972 Othonem,
1253 881 1316 980 qui

341 1014 368 1049 ⁴⁴
389 1004 507 1078 furtim
523 1005 706 1101 digressus,
724 1005 769 1077 ad
786 1005 922 1100 ignaros
943 1004 1081 1092 inlatus,
1100 1002 1317 1076 cunetatione

342 1132 370 1168 ⁴⁴
389 1149 494 1211 nunc,
509 1127 542 1195 ἃ
554 1120 697 1220 segnitil
707 1123 890 1195 terentium
909 1143 1059 1217 tempus,
1078 1119 1316 1193 imitariPrin·

343 1250 371 1286 ‘⁴
391 1242 505 1338 cipem
523 1240 640 1315 discat.
690 1244 772 1314 Non
791 1238 1074 1337 exspectandum,
1099 1259 1151 1327 ut,
1170 1262 1317 1333 compo-

341 1368 369 1404 “
388 1361 453 1433 srtis
469 1360 595 1449 castris,
608 1359 724 1432 forum
736 1359 889 1447 invadat,
903 1363 936 1431 &
950 1357 1317 1455 prospeslanteGalbl,

343 1487 369 1524 ‘⁴
388 1480 599 1574 Capitolium
611 1480 725 1551 adeat:
744 1478 829 1550 dum
843 1477 1000 1574 egregius
1013 1480 1217 1573 Imperator,
1235 1501 1320 1549 cum

344 1608 372 1643 ⁴⁴
390 1597 536 1671 fortibus
560 1596 691 1685 amicis,
711 1593 817 1692 januli
844 1621 884 1668 ac
909 1595 1027 1668 limine
1049 1615 1148 1668 tenus
1171 1594 1321 1668 domum

347 1725 375 1762 ‘⁴
394 1715 517 1804 cludit,
555 1715 768 1787 obsidionem
797 1713 962 1787 nimirum
999 1715 1213 1786 toleraturus.
1273 1715 1321 1785 Et

348 1843 376 1878 ⁴⁴
395 1835 599 1931 praeclarum
617 1832 765 1906 inservis
783 1832 967 1920 auxilium,
987 1830 1200 1905 ficonsensus
1215 1850 1320 1905 tantae

349 1961 376 1996 ‘⁴
396 1953 640 2042 multitudinis,
657 1957 688 2026 &
708 1980 786 2050 quae
803 1951 992 2049 plurimum
1009 1952 1114 2040 valet,
1134 1949 1244 2047 prima
1268 1949 1322 2021 in-

349 2072 552 2169 “dignatio
577 2072 786 2169 languescat.
836 2069 987 2142 Proinde
1011 2070 1135 2158 intuta,
1166 2093 1243 2165 quae
1267 2067 1321 2140 in·

349 2196 378 2233 ‘⁴
396 2192 544 2263 decora:
571 2192 683 2279 vel,s1
706 2191 827 2262 cadere
840 2190 970 2262 necesse
993 2192 1044 2277 srt,
1068 2188 1323 2261 occurrendum

351 2317 379 2353 ‘⁴
397 2307 595 2382 discrimini.
644 2308 686 2381 Id
703 2307 838 2381 Othoni
861 2306 1072 2395 invidiosius,
1096 2311 1130 2379 ὅτ
1156 2306 1234 2403 ipfis
1257 2307 1320 2378 ho·

352 2434 381 2473 ‘⁴
399 2427 570 2500 nestum.’'
635 2430 907 2524 Repugnantem
942 2424 1022 2498 huic
1055 2423 1225 2502 sententiae
1259 2424 1323 2496 Vi-

352 2547 468 2636 nium,
496 2549 595 2619 Laco
625 2546 803 2620 minaciter
836 2545 970 2633 invasit,
997 2543 1193 2616 stimulante
1214 2544 1322 2632 Icelo,

353 2665 474 2764 privati
492 2664 562 2738 odii
580 2663 777 2760 pertinacis,
794 2663 828 2736 in
845 2662 1028 2760 publicum
1045 2661 1201 2735 exitium.

401 2786 574 2859 XXXIV.
600 2786 685 2858 Noc
707 2782 836 2856 diutius
849 2784 963 2854 Galba
979 2784 1173 2871 cundatus,
1190 2780 1323 2878 specio·

356 2909 441 2979 fiora
465 2901 682 2976 suadentibus
715 2904 857 2975 accefflt.
923 2900 1115 2974 Praemissus
1141 2920 1258 2973 tamen
1290 2901 1326 2973 in

355 3024 463 3099 castra
476 3021 564 3107 Piso,
585 3042 624 3093 ut
642 3019 779 3118 juvenis
796 3046 925 3118 magno
946 3018 1102 3107 nomine,
1129 3019 1256 3092 recenti
1272 3016 1323 3093 sa·

353 3169 452 3231 stote,
488 3146 521 3214 &
554 3138 701 3213 infensus
725 3141 771 3210 T.
802 3139 929 3223 Vinio;
959 3137 1016 3210 seu
1041 3136 1124 3233 quia
1151 3159 1234 3226 erat,
1268 3137 1325 3211 seu

355 3262 439 3359 quia
461 3258 534 3333 irati
557 3258 605 3331 ita
624 3259 812 3331 volebant:
834 3263 867 3331 δι
892 3255 1025 3330 facilius
1048 3257 1093 3328 de
1117 3257 1199 3328 odio
1217 3256 1327 3329 credi·

356 3401 424 3454 tur.
473 3379 543 3450 Vix
559 3379 647 3450 dum
663 3379 793 3475 egresso
815 3375 951 3465 Pisone,
977 3374 1168 3448 “occisum
1193 3373 1228 3445 in
1255 3373 1326 3447 cas·

359 3508 386 3542 ‘⁴
405 3499 465 3571 tris
480 3498 694 3586 Othonem,''
718 3521 828 3594 vagus
856 3492 1007 3592 primum
1034 3499 1067 3566 δι
1094 3493 1242 3565 incertus
1270 3519 1326 3566 ru·

355 3643 446 3708 mor,
473 3642 571 3704 mox,
599 3638 637 3689 ut
660 3616 695 3688 in
712 3614 845 3712 magnis
870 3611 1072 3701 mendaciis,
1093 3611 1325 3685 “interfuisse

360 3744 388 3778 ‘⁴
408 3734 464 3807 se''
492 3734 650 3831 quidam,
679 3741 706 3776 ‘⁴
726 3738 759 3806 δι
776 3731 920 3806 vidiffe''
936 3732 1164 3819 affirmabant,
1189 3731 1328 3804 credula

362 3853 466 3942 sams,
484 3852 570 3925 inter
588 3853 790 3951 gaudentes,
817 3855 850 3923 δι
870 3848 1064 3924 incuriosos.
1113 3848 1222 3925 Multi
1236 3848 1328 3923 arbi-
