3000 5144
286 568 293 580 ’
407 582 806 654 Hrsronrnnun
835 579 1031 652 Lialll.
1139 604 1208 676 219

238 756 267 793 “
285 747 438 822 caedibus
464 749 721 824 celeberrimam
738 752 846 825 Urbis
864 773 1013 848 partem:
1046 777 1089 824 ne
1103 751 1208 848 Capi·

238 877 267 914 “
284 869 369 940 tolio
385 870 530 964 quidem
548 871 715 942 abstineri.
765 872 946 967 Togatum
961 896 1086 967 nempe
1102 868 1148 953 se,
1174 875 1209 942 δι

238 995 267 1031 “
283 1013 393 1060 unum
411 1013 430 1059 e
454 986 675 1078 senatoribus,
700 990 787 1062 dum
806 989 893 1060 inter
910 987 1152 1084 Vespasianum
1170 1013 1211 1061 ac

237 1106 463 1179 “Vitellium
481 1107 613 1201 proeliis
635 1107 826 1204 legionum,
844 1092 1098 1202 captivitatibus
1114 1105 1210 1178 urbi·

238 1231 266 1271 “
286 1250 360 1313 um,
394 1225 629 1298 deditionibus
661 1225 855 1297 cohortium
876 1223 1063 1321 judicatur.
1112 1227 1208 1318 Jam,

238 1351 265 1392 “
284 1341 475 1439 Hispaniis,
506 1342 779 1440 Germaniisque,
815 1349 849 1416 ἃ
879 1343 1065 1431 Britannid,
1090 1339 1211 1415 descis-

240 1468 268 1517 l‘
287 1462 458 1549 centibus,
490 1460 629 1534 fratrem
658 1461 852 1557 Vespasiani
874 1463 1026 1534 maufille
1058 1461 1095 1532 in
1127 1462 1210 1549 lide,

240 1584 268 1627 “
286 1579 397 1652 donec
420 1582 511 1652 ultro
535 1581 578 1652 ad
607 1580 821 1653 conditiones
844 1600 1034 1653 vocaretur.
1084 1583 1213 1653 Pacem

241 1703 269 1740 “
290 1702 322 1768 δι
347 1699 571 1771 concordiam
596 1699 694 1772 viciis
718 1699 836 1784 utilia;
866 1699 1055 1772 nidoribus
1077 1701 1215 1779 tantitm

241 1823 270 1876 ·“
287 1817 430 1912 pulchra
446 1819 522 1889 elle.
571 1817 605 1890 Si
629 1817 862 1891 conventionis
886 1816 1057 1912 paeniteat,
1078 1843 1147 1888 non
1164 1816 1212 1906 se,

242 1943 395 2032 “quem
429 1936 571 2031 perfidia
599 1936 787 2032 deceperit,
830 1934 920 2008 ferro
953 1956 1101 2032 peteret;
1141 1962 1213 2009 non

237 2062 270 2125 ἱ(
288 2055 400 2127 lilium
437 2054 641 2151 Vespafiani,
681 2055 742 2128 vix
776 2058 954 2151 puberem.
1015 2058 1212 2151 Qrantum,

242 2181 270 2223 “
289 2174 406 2246 occisis
433 2199 502 2245 uno
527 2172 618 2261 sene,
646 2176 681 2244 δι
706 2199 777 2246 uno
799 2173 940 2271 juvene,
968 2172 1118 2269 profici?
1150 2174 1214 2248 iret

241 2297 270 2353 β
288 2292 430 2365 obviam
447 2292 655 2389 legionibus,
672 2294 717 2364 de
733 2292 864 2366 summa
880 2318 995 2370 retum
1020 2292 1089 2365 illic
1105 2314 1212 2366 certa-

240 2415 360 2509 rf‘ret:
387 2431 500 2485 cetera
520 2411 709 2484 secundnm
731 2432 893 2484 eventum
912 2410 1025 2508 proelii
1048 2413 1214 2484 cellura.''

197 2561 203 2573 ·
242 2528 417 2625 Trepidus
444 2532 488 2603 ad
517 2532 592 2604 haec
624 2530 793 2618 Vitellius,
827 2556 935 2626 pauca
964 2530 1133 2628 purgandi
1163 2528 1213 2602 sul

242 2649 343 2720 causa
360 2647 545 2744 respondit,
568 2652 706 2745 culpam
731 2657 758 2692 “
772 2650 809 2720 in
830 2649 999 2721 militem’'
1023 2648 1213 2739 conferens,

244 2773 273 2811 “
292 2765 386 2867 cujus
419 2767 529 2841 nimio
560 2768 673 2841 ardori
707 2768 875 2863 imparem
911 2769 978 2840 effe
1010 2768 1214 2841 modestiam

242 2892 274 2934 ¹‘
291 2884 423 2960 suam.''
474 2890 519 2959 Et
537 2887 672 2958 monuit
690 2887 902 2974 Martialem,
922 2893 948 2929 “
968 2907 1003 2959 ut
1026 2912 1086 2982 per
1109 2886 1215 2960 secre-

243 3012 273 3071 ,“
290 3025 362 3076 tam
374 3005 503 3078 aedium
522 3026 653 3102 partem
669 3007 803 3078 occulte
815 3006 935 3093 abiret,
956 3030 998 3076 ne
1014 3031 1034 3078 a
1051 3004 1216 3080 militibus

242 3125 517 3197 “internuntius
545 3124 658 3198 invisae
687 3124 779 3221 pacis
804 3125 1089 3198 interficeretur.”
1142 3125 1217 3222 lpse

246 3269 359 3339 neque
385 3241 545 3339 jubendi,
576 3269 688 3340 neque
715 3243 856 3316 vetandi
891 3264 1025 3339 potens,
1054 3271 1123 3317 non
1139 3243 1229 3341 jam'

244 3360 450 3458 lr'nperatot,
476 3360 532 3433 sed
550 3364 686 3434 tantum
704 3361 785 3434 belli
806 3362 904 3434 caula
921 3383 1002 3435 erat.

294 3483 434 3553 LXXI.
460 3482 538 3554 Vix
564 3483 649 3555 dum
673 3482 822 3579 regrelso
838 3480 874 3552 in
890 3481 1101 3577 Capitolium
1118 3486 1214 3557 Mar·

244 3600 339 3688 tiale,
366 3599 480 3673 furens
497 3601 594 3673 miles
607 3601 737 3688 aderat,
753 3601 849 3672 nullo
865 3599 976 3685 duce3
996 3601 1055 3673 fibi
1073 3601 1216 3699 quisque

246 3721 384 3791 audior:
415 3719 485 3790 cito
512 3720 666 3818 agmine,
695 3718 810 3791 fomm
834 3723 868 3791 ἃ
899 3717 1114 3792 imminentia
1141 3721 1216 3794 foro
1255 3801 1264 3815 ‚

246 3840 380 3933 templa
406 3839 630 3933 praetervedi,
658 3838 794 3934 erigunt
815 3835 925 3908 aciem
947 3862 1008 3933 per
1035 3839 1216 3914 adversum

245 3959 388 4047 collem,
416 3954 522 4056 usque
549 3958 594 4030 ad
617 3956 745 4054 primas
776 3954 977 4050 Capitolina
1006 3957 1091 4033 arcis
1116 3957 1215 4037 fores.
