3000 5144
270 479 342 577 306
479 472 522 547 C.
562 472 831 547 Conunttr
869 474 1075 550 Trcrrr

272 658 300 694 “
320 649 503 747 praecipuae
526 651 700 723 bellorum
716 647 836 724 causae.
883 650 1038 724 Proinde
1064 674 1194 748 pacem
1220 654 1260 725 ἃ

274 778 301 815 “
321 772 471 857 Urbem,
487 795 592 865 quam
611 769 693 841 vicli
722 767 934 867 vidoresque
948 771 1074 843 eodem
1090 767 1173 866 jure
1189 771 1257 843 ob-

272 896 300 933 “
318 890 480 976 dromus,
505 908 632 975 amate,
650 887 766 961 colite.
802 891 973 962 Moneant
991 914 1054 962 vos
1070 886 1257 986 utriusque

271 1016 300 1052 “
318 1005 464 1081 fortunae
480 1006 706 1096 documenta,
728 1032 772 1080 ne
799 1007 1055 1082 contumaciam
1070 1032 1156 1080 curu
1174 1030 1254 1103 per-

273 1134 301 1170 “
320 1124 423 1214 nicie,
450 1125 557 1221 quim
569 1123 775 1221 obsequium
791 1151 873 1199 cum
889 1124 1065 1199 securitate
1082 1124 1254 1198 malitis.’'

271 1245 353 1317 Tali
371 1243 525 1317 oratione
542 1244 700 1341 graviora
716 1263 908 1317 metuentes
924 1244 1132 1343 composuit,
1149 1268 1253 1316 erex-

268 1363 378 1463 itque.

317 1482 470 1556 LXXV.
495 1482 774 1555 Truunnurun
795 1481 925 1555 victore
941 1481 1097 1555 exercitu
1112 1482 1249 1555 Treve-

272 1602 315 1691 ri,
341 1601 423 1674 cbm
439 1600 560 1674 Civilis
579 1607 612 1673 δι
630 1603 791 1673 Classrcus
809 1601 929 1674 misere
946 1601 1104 1698 epistolas
1116 1600 1163 1672 ad
1180 1603 1251 1673 Ce-

269 1721 403 1809 rialem,
433 1745 581 1815 quarum
608 1723 683 1793 haec
711 1719 874 1792 sententia
899 1719 975 1793 suit.
1026 1728 1053 1763 “
1072 1717 1250 1814 Vespasta-

271 1847 299 1881 “
320 1865 420 1928 num,
448 1864 662 1937 quamquam
690 1839 801 1911 nuntii
825 1841 1051 1929 occultarent,
1075 1840 1251 1911 exceffrffe

273 1965 302 2001 “
320 1958 402 2032 vital.
451 1960 589 2031 Urbem
605 1980 709 2055 atque
726 1958 873 2047 ltaliam,
897 1958 1033 2030 interno
1051 1958 1144 2030 bello
1161 1982 1249 2030 con-

272 2083 301 2120 “
319 2075 503 2173 sumptam.
553 2076 712 2152 Muciani
729 2102 769 2148 ac
790 2076 983 2149 Domitiani
1011 2101 1100 2150 vana
1124 2079 1159 2149 δι
1178 2079 1250 2149 stne

270 2201 298 2237 “
318 2193 447 2267 viribus
474 2195 628 2268 nomina.
677 2193 713 2268 Si
736 2193 877 2268 Cerialis
904 2195 1089 2292 imperium
1113 2193 1247 2269 Gallia-

269 2318 298 2354 “
316 2336 395 2383 rum
419 2311 516 2400 velit,
542 2312 631 2407 ipsos
648 2312 777 2385 finibus
794 2312 975 2388 civitatum
1000 2312 1137 2387 suarum
1161 2341 1249 2388 con-

267 2436 297 2474 “
314 2449 452 2502 tentos:
480 2434 502 2503 sr
534 2432 695 2526 proelium
724 2434 856 2521 mallet,
885 2460 930 2506 ne
954 2432 991 2505 id
1008 2432 1153 2530 quidem
1182 2435 1248 2507 ab·

270 2557 298 2593 “
316 2551 454 2622 nuere.'’
503 2552 563 2625 Ad
579 2577 620 2624 ea
632 2552 772 2626 Cerialis
795 2552 898 2625 Civili
920 2556 954 2625 δι
971 2554 1114 2625 Clallrco
1131 2551 1245 2627 nihil:

268 2694 365 2759 eum,
394 2668 454 2767 qui
473 2672 627 2744 attulerat
644 2669 733 2768 ipsas
744 2671 916 2769 epistolas,
940 2671 986 2743 ad
999 2669 1248 2748 Domitianum

268 2790 369 2862 mifit.
419 2790 561 2880 Hostes,
590 2789 704 2862 divisis
734 2788 858 2888 copiis,
886 2790 1057 2863 advenere
1073 2789 1246 2888 undique.

263 2910 423 3006 Plerique
439 2912 627 3004 culpabant
647 2909 831 2998 Cerialem,
858 2911 992 3005 passum
1006 2907 1123 3007 jungi,
1155 2936 1247 3006 quos

267 3029 429 3102 discretos
448 3028 652 3124 intercipere
672 3028 827 3101 licuiffet.
871 3032 1055 3101 Romanus
1071 3030 1246 3104 exercitus

268 3150 374 3222 castra
400 3147 484 3221 fossb
522 3149 684 3243 valloque
708 3147 965 3222 circumdedit:
1002 3149 1082 3244 quls
1114 3170 1249 3224 temere

267 3287 367 3340 antea
382 3268 499 3340 intutis
517 3265 723 3339 consederat.
765 3269 875 3364 Apud
893 3270 1102 3357 Germanos,
1125 3269 1245 3341 diver·

268 3392 308 3461 srs
324 3387 494 3460 sententiis
512 3389 715 3460 certabatur.

316 3506 486 3579 LXXVI.
511 3508 668 3579 Crv1rrs
700 3505 978 3601 “opperiendas
1005 3503 1244 3581 Transrhena-

264 3631 292 3667 “
311 3650 435 3697 norum
464 3645 595 3723 gentes,
631 3651 776 3722 quarum
804 3644 932 3698 terrore
962 3625 1076 3700 sraclae
1115 3628 1243 3722 populi

260 3750 289 3786 “
310 3744 461 3817 Romani
479 3746 567 3817 vires
593 3747 840 3817 obtererentur.
889 3746 1009 3817 Gallos
1026 3744 1112 3841 quid
1128 3744 1243 3834 aliud,

258 3867 285 3904 “
304 3862 410 3960 quim
426 3865 580 3962 praedatn
599 3864 811 3939 visloribus?
838 3868 871 3938 δι
888 3883 1004 3939 tamen
1021 3865 1118 3962 quod
1133 3866 1241 3938 robo-
