3000 5144
425 561 1076 641 HrsronrnnurrLra.III.
1175 590 1242 666 205

278 737 306 773 “
325 733 468 822 labores,
489 738 511 806 sr
531 734 669 829 praemia
682 734 910 830 periculorum
927 735 986 808 soli
1003 734 1244 830 adsequantur,

279 857 307 891 “
325 851 385 946 qui
411 852 572 947 perieulis
597 878 666 924 non
691 851 895 926 adfuerint.’'
943 856 1021 926 Nec
1038 853 1188 926 fefellere
1204 878 1245 924 ea

274 969 507 1043 Mucianum:
536 972 618 1044 inde
643 998 764 1068 graves
793 974 975 1044 simultates
989 1001 1000 1056 ;
1030 996 1113 1068 quas
1132 976 1243 1043 Anto-

275 1086 353 1159 nius
382 1089 579 1186 snnpliciirs,
611 1092 796 1163 Mucianus
819 1090 956 1180 callide,
987 1090 1098 1185 eoque
1119 1088 1243 1185 impla-

276 1207 419 1280 cabilius
436 1208 617 1281 nutriebat.
792 1298 796 1304 .

321 1328 419 1397 LIV.
445 1333 504 1398 Ar
524 1326 696 1417 Vitellius,
726 1325 839 1401 fraslis
856 1329 948 1424 apud
965 1328 1174 1400 Cremonam
1190 1353 1242 1400 re·

270 1446 348 1532 bus,
367 1447 503 1518 nuntios
521 1446 625 1520 cladis
642 1449 831 1535 occultans,
848 1448 948 1519 stulta
965 1446 1241 1534 dissimulatione,

271 1563 424 1636 remedia
449 1565 562 1662 potius
586 1568 771 1654 malorum,
799 1566 906 1662 quam
932 1567 1035 1652 mala,
1054 1564 1241 1637 differebat.

272 1679 416 1778 Qippe
445 1686 622 1757 confitenti
650 1684 920 1780 consultantique
948 1685 1141 1780 supererant
1168 1682 1242 1779 spes

271 1799 451 1896 viresque:
482 1805 563 1876 cum
592 1829 613 1876 e
640 1804 810 1876 contrario
835 1806 912 1876 laeta
938 1802 1055 1874 omnia
1080 1804 1240 1898 fingeret,

270 1917 357 1992 salsis
374 1921 641 2017 ingravescebat.
692 1923 827 1995 Mirum
844 1923 938 2017 apud
955 1920 1067 2018 ipsum
1084 1922 1129 1992 de
1145 1923 1240 1994 bello

271 2039 464 2112 silentium:
501 2041 665 2137 prohibiti
694 2066 755 2136 per
773 2040 948 2113 civitatem
968 2039 1151 2128 sermones,
1181 2042 1240 2112 ea-

270 2184 338 2254 que
357 2160 494 2254 plures:
520 2186 574 2249 ac,
594 2165 617 2233 st
634 2161 761 2250 liceret,
781 2184 861 2231 veta
879 2157 1054 2246 narraturi,
1080 2156 1163 2254 quia
1179 2184 1238 2231 ve·

268 2281 441 2367 tabantur,
460 2279 625 2351 atrociora
638 2281 874 2375 vulgaverant.
923 2279 1001 2349 Nec
1017 2278 1122 2350 duces
1133 2277 1237 2350 hosti·
1277 2267 1279 2272 .

267 2425 329 2471 um
346 2400 514 2496 augendae
530 2398 630 2471 famae
646 2400 802 2487 deerant,
828 2418 946 2494 captos
966 2397 1097 2469 Vitellii
1114 2399 1237 2494 explo-

266 2537 406 2604 ratores,
432 2515 765 2613 circumdustosque,
790 2536 828 2588 ut
845 2519 968 2589 robora
983 2515 1117 2590 victoris
1141 2543 1236 2608 exer·

257 2616 353 2710 ’citus
370 2634 556 2722 noscerent,
580 2634 812 2708 remittendo:
840 2661 926 2732 quos
942 2660 1062 2706 omnes
1078 2635 1236 2708 Vitellius

266 2754 393 2840 secreto
410 2758 664 2850 percunslatus,
682 2753 826 2827 interfici
836 2753 942 2851 jussit.
980 2754 1136 2826 Notabili
1152 2781 1236 2828 con-

266 2873 388 2947 stantia
404 2874 574 2962 centurio,
600 2873 712 2966 Julius
730 2872 900 2969 Agrestis,
928 2873 1004 2969 post
1026 2875 1153 2945 multos
1171 2872 1234 2946 ser-

265 3018 400 3081 mones,
427 2993 552 3089 quibus
576 2992 756 3064 Vitellium
785 2992 829 3062 ad
846 2991 1006 3064 virtutem
1033 2988 1156 3064 frustra
1176 3018 1233 3065 ac-

262 3115 444 3200 cendebat,
469 3113 618 3208 perpulit
636 3132 674 3183 ut
689 3113 734 3183 ad
750 3110 836 3183 vires
854 3109 1004 3183 hostium
1022 3108 1233 3206 speslandas,

263 3257 410 3328 quaque
436 3232 531 3326 apud
547 3233 758 3303 Cremonam
780 3233 854 3301 asla
878 3229 1003 3316 forent,
1034 3227 1102 3324 ipse
1120 3229 1233 3302 mitte·
1270 3270 1275 3277 ·

261 3372 362 3423 retur.
412 3352 490 3422 Nec
509 3350 747 3446 exploratione
764 3349 898 3421 occultzl
910 3345 1023 3418 fallere
1038 3348 1233 3421 Antonium

263 3468 420 3557 tentavit,
438 3465 494 3540 sed
514 3475 540 3509 “
560 3469 721 3540 mandata
739 3465 957 3562 Imperatoris
974 3464 1144 3561 suumque
1159 3467 1232 3539 ani-

264 3597 291 3632 “
312 3589 435 3661 mum'’
465 3585 640 3683 prosefi'us,
660 3595 687 3627 “
706 3606 743 3658 ut
757 3588 881 3658 consta
896 3583 1057 3673 viseret,''
1075 3585 1231 3680 postulat.

261 3707 369 3795 Milli,
388 3705 446 3802 qui
466 3707 583 3778 locum
602 3703 729 3800 proelii,
747 3706 930 3775 Cremonae
943 3701 1099 3799 vestigia,
1114 3725 1231 3798 captas
1315 3758 1318 3765 .

261 3827 413 3923 legiones
430 3825 655 3897 ostenderent.
696 3823 848 3920 Agrestis
866 3824 910 3894 ad
922 3822 1102 3893 Vitellium
1119 3848 1228 3895 reme-

260 3946 345 4037 avit,
364 3942 599 4040 abnuentique
617 3950 643 3984 “
662 3966 741 4015 vera
756 3943 821 4015 effe
838 3967 916 4038 quse
941 3940 1109 4029 afferret,'’
1125 3961 1229 4038 atque
