3000 5144
357 582 400 650 28
588 581 629 654 C.
663 582 1153 663 Connnn11Tne1rt

356 757 384 793 “
403 751 478 824 suos
500 754 614 827 audita
637 756 685 828 est
702 757 910 853 aliquando:
942 761 1061 849 restra,
1088 762 1186 850 fides,
1216 759 1325 834 fama·

354 874 382 909 “
403 896 483 965 que,
502 872 614 945 inlaesa
629 876 671 946 ad
689 876 781 947 hunc
794 877 887 949 diem
904 882 1044 949 mansit:
1064 883 1096 951 ὃς
1114 881 1213 951 Nero
1235 902 1323 975 quo·

355 994 470 1084 “que
497 1015 558 1062 vos
586 992 747 1082 destituit,
773 1018 843 1065 non
872 1021 934 1067 vos
960 998 1148 1069 Neronem.
1199 997 1323 1069 Minus

354 1111 382 1147 ‘⁴
402 1107 540 1204 triginta
556 1109 755 1208 transfugae,
775 1111 1015 1201 &desertores
1043 1139 1131 1210 quos
1152 1114 1323 1187 centurio-

353 1231 381 1265 “
400 1249 495 1314 nem,
520 1251 577 1301 aut
597 1230 789 1318 tribunum,
810 1231 868 1303 fibi
891 1233 1054 1327 eligentes
1075 1258 1180 1304 nemo
1204 1232 1322 1320 ferret,

353 1349 381 1384 “
397 1342 581 1439 imperium
599 1350 848 1446 adsignabunt?
887 1349 1083 1421 Admittitis
1095 1352 1320 1445 exemplum?

351 1468 381 1506 “
400 1466 432 1533 δι
453 1463 658 1559 quiescendo
671 1491 861 1538 commune
877 1465 1006 1538 crimen
1024 1465 1158 1539 facitis?
1193 1464 1321 1538 Trans·

351 1585 379 1622 “
397 1582 519 1652 cendet
536 1583 610 1654 haec
625 1582 761 1654 licentia
775 1583 809 1653 in
828 1583 1041 1679 provincias:
1059 1587 1092 1655 ἃ
1115 1585 1157 1656 ad
1173 1611 1234 1658 nos
1250 1584 1321 1657 sce·

353 1704 380 1738 “
398 1699 509 1769 lerum
541 1699 666 1788 exitus,
713 1701 886 1774 bellorum
917 1703 961 1773 ad
991 1727 1053 1774 vos
1085 1703 1317 1797 pertinebunt.

351 1817 473 1887 “Nec
492 1816 539 1888 est
564 1818 654 1912 plus,
677 1818 774 1912 quod
797 1843 858 1913 pro
885 1821 979 1890 caede
1002 1820 1185 1916 Principis,
1212 1820 1319 1917 quim

351 1934 492 2028 “quod
517 1933 755 2007 innocentibus
782 1936 902 2008 datur:
927 1935 984 2008 sed
1014 1938 1156 2032 perinde
1179 1937 1320 2012 anobis

350 2052 599 2125 “donativum
626 2055 674 2125 ob
702 2054 822 2144 fidem,
855 2056 963 2153 quam
982 2058 1027 2129 ab
1051 2056 1124 2128 aliis
1148 2081 1211 2153 pro
1234 2054 1318 2130 saci-

350 2178 377 2213 “
395 2196 476 2242 nore
492 2170 701 2266 accipietis.''
1157 2156 1160 2162 ¹

396 2291 533 2361 XXXI.
558 2291 748 2361 Drtnrsts
770 2289 1051 2385 speculatoribus,
1074 2313 1164 2365 certa
1177 2295 1315 2382 cohors,

348 2432 420 2478 non
452 2405 624 2501 aspernata
655 2407 932 2498 concionantem,
968 2430 1006 2481 ut
1035 2411 1179 2483 turbidis
1212 2413 1316 2483 rebus

346 2525 474 2613 evenit,
499 2524 586 2596 sorte
599 2524 721 2622 magis,
741 2529 773 2596 δι
797 2528 894 2598 nullo
911 2529 1022 2600 adhuc
1040 2528 1193 2616 consilio,
1219 2548 1316 2623 parat

346 2648 453 2741 figna,
473 2644 579 2739 quim
603 2644 700 2740 quod
726 2644 843 2747 postea
858 2644 1027 2717 creditum
1045 2645 1108 2735 est,
1134 2645 1313 2719 insidiis&

347 2763 569 2835 simulatione.
618 2761 743 2833 Missus
769 2767 801 2834 δι
826 2761 941 2835 Celsus
959 2763 1093 2835 Marius
1117 2764 1162 2837 ad
1186 2765 1313 2836 eleslos

343 2881 471 2976 lllyrici
500 2880 682 2968 exercitlrs,
708 2879 867 2975 Vipsanis
896 2882 932 2953 in
958 2882 1093 2977 porticu
1121 2882 1310 2955 tendentes.

342 3001 558 3094 Praeceptum
589 2998 733 3070 Amulio
766 2999 889 3071 Sereno
917 3006 949 3073 δι
983 3000 1143 3073 Domitio
1172 3000 1311 3090 Sabino,

343 3117 621 3215 primipilaribus,
653 3124 680 3160 “
703 3136 741 3188 ut
759 3117 984 3191 Germanicos
1006 3118 1129 3191 milites
1147 3144 1166 3190 e
1186 3120 1310 3191 Liber·

343 3245 371 3280 “
389 3236 468 3309 tatis
484 3236 571 3307 atrio
592 3237 833 3308 arcesserent.''
881 3236 1033 3333 Legioni
1057 3239 1196 3310 classrcae
1221 3239 1310 3310 diffi-

341 3359 500 3444 debatur‚
529 3353 656 3426 insestae
680 3356 727 3426 ob
755 3354 886 3426 caedem
909 3355 1201 3446 commilitonum,
1222 3382 1310 3451 quos

342 3475 454 3571 primo
487 3473 598 3546 statim
628 3472 768 3546 introitu
799 3472 1025 3545 trucidaverat
1055 3475 1177 3545 Galba.
1227 3475 1309 3545 Per·

342 3613 430 3687 gunt
472 3591 573 3663 etiam
623 3590 657 3662 in
704 3590 810 3663 castra
842 3591 1129 3662 Praetorianorum
1164 3589 1306 3681 tribuni,

340 3698 474 3782 Cetrius
500 3712 656 3796 Severus,
681 3708 820 3780 Subrius
838 3711 981 3796 Dexter,
1007 3710 1191 3805 Pompeius
1210 3714 1307 3783 lon·

341 3830 441 3926 ginus
455 3856 465 3911 ;
495 3830 515 3897 sr
541 3825 704 3922 incipiens
719 3826 846 3914 adhuc,
876 3831 909 3897 δε
932 3828 1080 3898 necdum
1103 3831 1230 3918 adulta,
1258 3829 1307 3901 se-

235 3931 240 3945 ’
339 3948 425 4026 ditio
442 3944 641 4023 melioribus
660 3943 805 4017 consiliis
821 3946 1022 4018 flederetur.
1070 3947 1307 4025 Tribunorum
