<?xml version="1.0" encoding="UTF-8"?>
<!DOCTYPE html PUBLIC "-//W3C//DTD XHTML 1.0 Transitional//EN"
    "http://www.w3.org/TR/xhtml1/DTD/xhtml1-transitional.dtd">
<html xmlns="http://www.w3.org/1999/xhtml" xml:lang="en" lang="en">
 <head>
  <title>
</title>
<meta http-equiv="Content-Type" content="text/html;charset=utf-8" />
  <meta name='ocr-system' content='tesseract 3.04.00' />
  <meta name='ocr-capabilities' content='ocr_page ocr_carea ocr_par ocr_line ocrx_word'/>
</head>
<body>
  <div class='ocr_page' id='page_1' title='image "./ccorneliitaciti02ernegoog_0146.png"; bbox 0 0 3000 5144; ppageno 0'>
   <div class='ocr_carea' id='block_1_1' title="bbox 329 588 1132 692">
    <p class='ocr_par' dir='ltr' id='par_1_1' title="bbox 329 588 1132 692">
     <span class='ocr_line' id='line_1_1' title="bbox 329 588 1132 692; baseline 0.006 -31"><span class='ocrx_word' id='word_1_1' title='bbox 329 588 941 663; x_wconf 80' lang='lat' dir='ltr'>Hrsronranuanrnll.</span> <span class='ocrx_word' id='word_1_2' title='bbox 1067 617 1132 692; x_wconf 85' lang='lat'>137</span> 
     </span>
    </p>
   </div>
   <div class='ocr_carea' id='block_1_2' title="bbox 167 758 1204 4076">
    <p class='ocr_par' dir='ltr' id='par_1_2' title="bbox 169 758 1140 1570">
     <span class='ocr_line' id='line_1_2' title="bbox 171 758 1139 858; baseline 0.007 -29"><span class='ocrx_word' id='word_1_3' title='bbox 171 762 200 800; x_wconf 92' lang='lat'><strong><em>“</em></strong></span> <span class='ocrx_word' id='word_1_4' title='bbox 218 759 251 829; x_wconf 87' lang='lat'>&amp;</span> <span class='ocrx_word' id='word_1_5' title='bbox 267 758 459 856; x_wconf 88' lang='lat' dir='ltr'>periculum</span> <span class='ocrx_word' id='word_1_6' title='bbox 475 784 519 832; x_wconf 82' lang='lat' dir='ltr'>ex</span> <span class='ocrx_word' id='word_1_7' title='bbox 532 759 681 857; x_wconf 80' lang='lat' dir='ltr'>singulis.</span> <span class='ocrx_word' id='word_1_8' title='bbox 720 759 816 858; x_wconf 82' lang='lat' dir='ltr'>Qrid</span> <span class='ocrx_word' id='word_1_9' title='bbox 833 760 927 833; x_wconf 92' lang='lat' dir='ltr'>enim</span> <span class='ocrx_word' id='word_1_10' title='bbox 944 759 1139 858; x_wconf 89' lang='lat' dir='ltr'>profuturas</span> 
     </span>
     <span class='ocr_line' id='line_1_3' title="bbox 171 877 1139 978; baseline 0.005 -28"><span class='ocrx_word' id='word_1_11' title='bbox 171 883 198 919; x_wconf 94' lang='lat'><strong>“</strong></span> <span class='ocrx_word' id='word_1_12' title='bbox 217 879 375 950; x_wconf 89' lang='lat' dir='ltr'>cohortes</span> <span class='ocrx_word' id='word_1_13' title='bbox 399 877 547 976; x_wconf 82' lang='lat' dir='ltr'>alasque,</span> <span class='ocrx_word' id='word_1_14' title='bbox 570 882 697 952; x_wconf 88' lang='lat' dir='ltr'>fiunus</span> <span class='ocrx_word' id='word_1_15' title='bbox 720 880 885 977; x_wconf 84' lang='lat' dir='ltr'>alterque,</span> <span class='ocrx_word' id='word_1_16' title='bbox 908 880 1061 978; x_wconf 83' lang='lat' dir='ltr'>praesenti</span> <span class='ocrx_word' id='word_1_17' title='bbox 1088 881 1139 955; x_wconf 88' lang='lat' dir='ltr'>fa·</span> 
     </span>
     <span class='ocr_line' id='line_1_4' title="bbox 171 995 1140 1096; baseline 0.006 -28"><span class='ocrx_word' id='word_1_18' title='bbox 171 1003 201 1039; x_wconf 89' lang='lat'><strong>“</strong></span> <span class='ocrx_word' id='word_1_19' title='bbox 219 996 334 1069; x_wconf 87' lang='lat' dir='ltr'>cinore</span> <span class='ocrx_word' id='word_1_20' title='bbox 350 1017 507 1092; x_wconf 91' lang='lat' dir='ltr'>paratum</span> <span class='ocrx_word' id='word_1_21' title='bbox 524 995 720 1090; x_wconf 85' lang='lat' dir='ltr'>cxdiverso</span> <span class='ocrx_word' id='word_1_22' title='bbox 733 999 911 1094; x_wconf 69' lang='lat' dir='ltr'>praemium</span> <span class='ocrx_word' id='word_1_23' title='bbox 935 1020 1028 1096; x_wconf 88' lang='lat' dir='ltr'>petat</span> <span class='ocrx_word' id='word_1_24' title='bbox 1046 1005 1058 1072; x_wconf 92' lang='lat'>?</span> <span class='ocrx_word' id='word_1_25' title='bbox 1085 1002 1140 1075; x_wconf 91' lang='lat' dir='ltr'>Sic</span> 
     </span>
     <span class='ocr_line' id='line_1_5' title="bbox 169 1114 1138 1216; baseline 0.003 -27"><span class='ocrx_word' id='word_1_26' title='bbox 169 1122 199 1158; x_wconf 90' lang='lat'><strong>“</strong></span> <span class='ocrx_word' id='word_1_27' title='bbox 217 1114 476 1189; x_wconf 86' lang='lat' dir='ltr'>Scribonianum</span> <span class='ocrx_word' id='word_1_28' title='bbox 493 1114 554 1188; x_wconf 92' lang='lat' dir='ltr'>sub</span> <span class='ocrx_word' id='word_1_29' title='bbox 572 1115 720 1189; x_wconf 90' lang='lat' dir='ltr'>Claudio</span> <span class='ocrx_word' id='word_1_30' title='bbox 732 1115 947 1190; x_wconf 70' lang='lat' dir='ltr'>intersedum</span> <span class='ocrx_word' id='word_1_31' title='bbox 965 1147 973 1191; x_wconf 90' lang='lat'>:</span> <span class='ocrx_word' id='word_1_32' title='bbox 1001 1123 1045 1193; x_wconf 87' lang='lat' dir='ltr'>src</span> <span class='ocrx_word' id='word_1_33' title='bbox 1062 1146 1138 1216; x_wconf 90' lang='lat' dir='ltr'>per·</span> 
     </span>
     <span class='ocr_line' id='line_1_6' title="bbox 172 1232 1139 1333; baseline 0.002 -25"><span class='ocrx_word' id='word_1_34' title='bbox 172 1241 201 1277; x_wconf 89' lang='lat'><strong>“</strong></span> <span class='ocrx_word' id='word_1_35' title='bbox 218 1237 385 1308; x_wconf 89' lang='lat' dir='ltr'>cufforem</span> <span class='ocrx_word' id='word_1_36' title='bbox 408 1232 478 1329; x_wconf 86' lang='lat' dir='ltr'>ejus</span> <span class='ocrx_word' id='word_1_37' title='bbox 491 1234 730 1331; x_wconf 87' lang='lat' dir='ltr'>Volaginium,</span> <span class='ocrx_word' id='word_1_38' title='bbox 762 1235 955 1333; x_wconf 86' lang='lat' dir='ltr'>egregario</span> <span class='ocrx_word' id='word_1_39' title='bbox 978 1239 1022 1310; x_wconf 90' lang='lat' dir='ltr'>ad</span> <span class='ocrx_word' id='word_1_40' title='bbox 1047 1237 1139 1311; x_wconf 93' lang='lat' dir='ltr'>sum-</span> 
     </span>
     <span class='ocr_line' id='line_1_7' title="bbox 173 1351 1139 1450; baseline 0.004 -25"><span class='ocrx_word' id='word_1_41' title='bbox 173 1359 203 1396; x_wconf 88' lang='lat'><strong>“</strong></span> <span class='ocrx_word' id='word_1_42' title='bbox 220 1379 278 1425; x_wconf 91' lang='lat' dir='ltr'>ma</span> <span class='ocrx_word' id='word_1_43' title='bbox 294 1351 425 1426; x_wconf 85' lang='lat' dir='ltr'>militiae</span> <span class='ocrx_word' id='word_1_44' title='bbox 440 1353 655 1450; x_wconf 62' lang='lat' dir='ltr'>proredium.</span> <span class='ocrx_word' id='word_1_45' title='bbox 705 1355 854 1428; x_wconf 74' lang='lat' dir='ltr'>Facilius</span> <span class='ocrx_word' id='word_1_46' title='bbox 877 1354 1049 1429; x_wconf 89' lang='lat' dir='ltr'>universos</span> <span class='ocrx_word' id='word_1_47' title='bbox 1073 1356 1139 1429; x_wconf 93' lang='lat' dir='ltr'>im·</span> 
     </span>
     <span class='ocr_line' id='line_1_8' title="bbox 171 1471 768 1570; baseline 0.002 -26"><span class='ocrx_word' id='word_1_48' title='bbox 171 1480 200 1515; x_wconf 90' lang='lat'><strong><em>“</em></strong></span> <span class='ocrx_word' id='word_1_49' title='bbox 219 1471 314 1568; x_wconf 89' lang='lat' dir='ltr'>pelli,</span> <span class='ocrx_word' id='word_1_50' title='bbox 342 1473 450 1568; x_wconf 75' lang='lat' dir='ltr'>quam</span> <span class='ocrx_word' id='word_1_51' title='bbox 467 1475 616 1570; x_wconf 78' lang='lat' dir='ltr'>singulos</span> <span class='ocrx_word' id='word_1_52' title='bbox 633 1472 768 1546; x_wconf 88' lang='lat' dir='ltr'>vitari.&#39;&#39;</span> 
     </span>
    </p>

    <p class='ocr_par' dir='ltr' id='par_1_3' title="bbox 167 1592 1204 4076">
     <span class='ocr_line' id='line_1_9' title="bbox 216 1592 1138 1687; baseline 0.007 -23"><span class='ocrx_word' id='word_1_53' title='bbox 216 1593 388 1664; x_wconf 89' lang='lat' dir='ltr'>LXXVI.</span> <span class='ocrx_word' id='word_1_54' title='bbox 415 1593 493 1664; x_wconf 82' lang='lat' dir='ltr'>His</span> <span class='ocrx_word' id='word_1_55' title='bbox 523 1592 707 1687; x_wconf 86' lang='lat' dir='ltr'>pavoribus</span> <span class='ocrx_word' id='word_1_56' title='bbox 732 1614 925 1683; x_wconf 89' lang='lat' dir='ltr'>nutantem,</span> <span class='ocrx_word' id='word_1_57' title='bbox 955 1598 989 1667; x_wconf 73' lang='grc' dir='ltr'>δι</span> <span class='ocrx_word' id='word_1_58' title='bbox 1006 1597 1063 1669; x_wconf 91' lang='lat' dir='ltr'>alii</span> <span class='ocrx_word' id='word_1_59' title='bbox 1089 1600 1138 1670; x_wconf 89' lang='lat' dir='ltr'>lc·</span> 
     </span>
     <span class='ocr_line' id='line_1_10' title="bbox 168 1709 1140 1809; baseline 0.006 -26"><span class='ocrx_word' id='word_1_60' title='bbox 168 1711 242 1809; x_wconf 85' lang='lat' dir='ltr'>gari</span> <span class='ocrx_word' id='word_1_61' title='bbox 258 1709 428 1806; x_wconf 86' lang='lat' dir='ltr'>amicique</span> <span class='ocrx_word' id='word_1_62' title='bbox 447 1713 645 1800; x_wconf 88' lang='lat' dir='ltr'>firmabant,</span> <span class='ocrx_word' id='word_1_63' title='bbox 666 1717 698 1784; x_wconf 76' lang='grc' dir='ltr'>δι</span> <span class='ocrx_word' id='word_1_64' title='bbox 717 1711 903 1784; x_wconf 88' lang='lat' dir='ltr'>Mucianus</span> <span class='ocrx_word' id='word_1_65' title='bbox 916 1714 989 1809; x_wconf 92' lang='lat' dir='ltr'>post</span> <span class='ocrx_word' id='word_1_66' title='bbox 1010 1717 1140 1791; x_wconf 88' lang='lat' dir='ltr'>multos</span> 
     </span>
     <span class='ocr_line' id='line_1_11' title="bbox 169 1827 1135 1928; baseline 0.003 -25"><span class='ocrx_word' id='word_1_67' title='bbox 169 1827 378 1926; x_wconf 90' lang='lat' dir='ltr'>secretosque</span> <span class='ocrx_word' id='word_1_68' title='bbox 400 1827 585 1920; x_wconf 89' lang='lat' dir='ltr'>sermones,</span> <span class='ocrx_word' id='word_1_69' title='bbox 603 1830 677 1928; x_wconf 88' lang='lat' dir='ltr'>jam</span> <span class='ocrx_word' id='word_1_70' title='bbox 706 1834 738 1902; x_wconf 77' lang='grc' dir='ltr'>δι</span> <span class='ocrx_word' id='word_1_71' title='bbox 764 1856 879 1904; x_wconf 85' lang='lat' dir='ltr'>coram</span> <span class='ocrx_word' id='word_1_72' title='bbox 907 1832 952 1909; x_wconf 90' lang='lat' dir='ltr'>ita</span> <span class='ocrx_word' id='word_1_73' title='bbox 977 1834 1135 1907; x_wconf 90' lang='lat' dir='ltr'>locutus:</span> 
     </span>
     <span class='ocr_line' id='line_1_12' title="bbox 171 1948 1139 2048; baseline 0.004 -28"><span class='ocrx_word' id='word_1_74' title='bbox 171 1955 200 1991; x_wconf 89' lang='lat'>“</span> <span class='ocrx_word' id='word_1_75' title='bbox 215 1951 359 2037; x_wconf 89' lang='lat' dir='ltr'>Omnes,</span> <span class='ocrx_word' id='word_1_76' title='bbox 382 1948 443 2046; x_wconf 93' lang='lat' dir='ltr'>qui</span> <span class='ocrx_word' id='word_1_77' title='bbox 471 1975 676 2046; x_wconf 84' lang='lat' dir='ltr'>magnarum</span> <span class='ocrx_word' id='word_1_78' title='bbox 703 1974 817 2022; x_wconf 88' lang='lat' dir='ltr'>rerum</span> <span class='ocrx_word' id='word_1_79' title='bbox 842 1951 978 2023; x_wconf 76' lang='lat' dir='ltr'>consilia</span> <span class='ocrx_word' id='word_1_80' title='bbox 1002 1949 1139 2048; x_wconf 90' lang='lat' dir='ltr'>suscipi·</span> 
     </span>
     <span class='ocr_line' id='line_1_13' title="bbox 170 2069 1139 2165; baseline -0.002 -22"><span class='ocrx_word' id='word_1_81' title='bbox 170 2076 199 2112; x_wconf 90' lang='grc'>“</span> <span class='ocrx_word' id='word_1_82' title='bbox 217 2089 295 2158; x_wconf 89' lang='lat' dir='ltr'>unt,</span> <span class='ocrx_word' id='word_1_83' title='bbox 313 2069 479 2142; x_wconf 86' lang='lat' dir='ltr'>aestimare</span> <span class='ocrx_word' id='word_1_84' title='bbox 496 2071 637 2158; x_wconf 93' lang='lat' dir='ltr'>debent,</span> <span class='ocrx_word' id='word_1_85' title='bbox 663 2094 720 2157; x_wconf 94' lang='lat' dir='ltr'>an,</span> <span class='ocrx_word' id='word_1_86' title='bbox 744 2071 839 2165; x_wconf 93' lang='lat' dir='ltr'>quod</span> <span class='ocrx_word' id='word_1_87' title='bbox 857 2069 1049 2158; x_wconf 91' lang='lat' dir='ltr'>inchoatur,</span> <span class='ocrx_word' id='word_1_88' title='bbox 1074 2071 1139 2143; x_wconf 89' lang='lat' dir='ltr'>rei-</span> 
     </span>
     <span class='ocr_line' id='line_1_14' title="bbox 170 2186 1140 2286; baseline 0.002 -25"><span class='ocrx_word' id='word_1_89' title='bbox 170 2196 199 2233; x_wconf 88' lang='lat'><strong><em>“</em></strong></span> <span class='ocrx_word' id='word_1_90' title='bbox 218 2188 364 2286; x_wconf 86' lang='lat' dir='ltr'>publicae</span> <span class='ocrx_word' id='word_1_91' title='bbox 391 2187 487 2279; x_wconf 91' lang='lat' dir='ltr'>utile,</span> <span class='ocrx_word' id='word_1_92' title='bbox 517 2189 593 2286; x_wconf 88' lang='lat' dir='ltr'>ipfis</span> <span class='ocrx_word' id='word_1_93' title='bbox 619 2186 820 2286; x_wconf 85' lang='lat' dir='ltr'>gloriosum,</span> <span class='ocrx_word' id='word_1_94' title='bbox 848 2208 906 2261; x_wconf 91' lang='lat' dir='ltr'>aut</span> <span class='ocrx_word' id='word_1_95' title='bbox 934 2210 1140 2285; x_wconf 90' lang='lat' dir='ltr'>promptum</span> 
     </span>
     <span class='ocr_line' id='line_1_15' title="bbox 170 2308 1138 2405; baseline -0.002 -22"><span class='ocrx_word' id='word_1_96' title='bbox 170 2315 200 2352; x_wconf 89' lang='lat'><strong>“</strong></span> <span class='ocrx_word' id='word_1_97' title='bbox 216 2309 353 2397; x_wconf 69' lang='lat' dir='ltr'>effedu,</span> <span class='ocrx_word' id='word_1_98' title='bbox 378 2329 436 2383; x_wconf 89' lang='lat' dir='ltr'>aut</span> <span class='ocrx_word' id='word_1_99' title='bbox 453 2309 542 2382; x_wconf 62' lang='lat' dir='ltr'>cert&amp;</span> <span class='ocrx_word' id='word_1_100' title='bbox 561 2335 631 2381; x_wconf 89' lang='lat' dir='ltr'>non</span> <span class='ocrx_word' id='word_1_101' title='bbox 655 2309 800 2381; x_wconf 91' lang='lat' dir='ltr'>arduum</span> <span class='ocrx_word' id='word_1_102' title='bbox 824 2311 872 2380; x_wconf 82' lang='lat' dir='ltr'>srt.</span> <span class='ocrx_word' id='word_1_103' title='bbox 921 2308 1030 2381; x_wconf 88' lang='lat' dir='ltr'>Simul</span> <span class='ocrx_word' id='word_1_104' title='bbox 1056 2309 1138 2405; x_wconf 93' lang='lat' dir='ltr'>ipse,</span> 
     </span>
     <span class='ocr_line' id='line_1_16' title="bbox 169 2425 1138 2526; baseline -0.001 -25"><span class='ocrx_word' id='word_1_105' title='bbox 169 2437 197 2471; x_wconf 91' lang='lat'><strong>“</strong></span> <span class='ocrx_word' id='word_1_106' title='bbox 216 2429 276 2526; x_wconf 92' lang='lat' dir='ltr'>qui</span> <span class='ocrx_word' id='word_1_107' title='bbox 302 2426 433 2516; x_wconf 90' lang='lat' dir='ltr'>suadet,</span> <span class='ocrx_word' id='word_1_108' title='bbox 468 2429 732 2500; x_wconf 82' lang='lat' dir='ltr'>confiderandus</span> <span class='ocrx_word' id='word_1_109' title='bbox 759 2427 820 2516; x_wconf 86' lang='lat' dir='ltr'>est,</span> <span class='ocrx_word' id='word_1_110' title='bbox 849 2425 1028 2522; x_wconf 88' lang='lat' dir='ltr'>adjiciatne</span> <span class='ocrx_word' id='word_1_111' title='bbox 1055 2454 1138 2500; x_wconf 91' lang='lat' dir='ltr'>con-</span> 
     </span>
     <span class='ocr_line' id='line_1_17' title="bbox 170 2544 1138 2644; baseline 0.002 -24"><span class='ocrx_word' id='word_1_112' title='bbox 170 2554 199 2589; x_wconf 91' lang='lat'><strong>“</strong></span> <span class='ocrx_word' id='word_1_113' title='bbox 218 2550 288 2620; x_wconf 91' lang='lat' dir='ltr'>filio</span> <span class='ocrx_word' id='word_1_114' title='bbox 306 2547 497 2644; x_wconf 90' lang='lat' dir='ltr'>periculum</span> <span class='ocrx_word' id='word_1_115' title='bbox 516 2545 612 2619; x_wconf 91' lang='lat' dir='ltr'>suum</span> <span class='ocrx_word' id='word_1_116' title='bbox 631 2575 639 2619; x_wconf 91' lang='lat'>:</span> <span class='ocrx_word' id='word_1_117' title='bbox 668 2553 716 2635; x_wconf 73' lang='grc' dir='ltr'>δι,</span> <span class='ocrx_word' id='word_1_118' title='bbox 740 2549 762 2619; x_wconf 83' lang='lat' dir='ltr'>sr</span> <span class='ocrx_word' id='word_1_119' title='bbox 780 2544 918 2620; x_wconf 86' lang='lat' dir='ltr'>fortuna</span> <span class='ocrx_word' id='word_1_120' title='bbox 933 2547 1059 2644; x_wconf 89' lang='lat' dir='ltr'>coeptis</span> <span class='ocrx_word' id='word_1_121' title='bbox 1071 2551 1138 2622; x_wconf 89' lang='lat' dir='ltr'>ad-</span> 
     </span>
     <span class='ocr_line' id='line_1_18' title="bbox 173 2665 1167 2765; baseline 0.001 -27"><span class='ocrx_word' id='word_1_122' title='bbox 173 2674 201 2709; x_wconf 89' lang='lat'><strong><em>“</em></strong></span> <span class='ocrx_word' id='word_1_123' title='bbox 221 2665 337 2757; x_wconf 93' lang='lat' dir='ltr'>suerit,</span> <span class='ocrx_word' id='word_1_124' title='bbox 368 2666 423 2739; x_wconf 91' lang='lat' dir='ltr'>cui</span> <span class='ocrx_word' id='word_1_125' title='bbox 451 2666 627 2740; x_wconf 91' lang='lat' dir='ltr'>summum</span> <span class='ocrx_word' id='word_1_126' title='bbox 661 2667 767 2738; x_wconf 89' lang='lat' dir='ltr'>decus</span> <span class='ocrx_word' id='word_1_127' title='bbox 795 2665 1007 2762; x_wconf 89' lang='lat' dir='ltr'>adquiratur.</span> <span class='ocrx_word' id='word_1_128' title='bbox 1060 2670 1141 2765; x_wconf 87' lang='lat' dir='ltr'>Ego</span> <span class='ocrx_word' id='word_1_129' title='bbox 1164 2665 1167 2673; x_wconf 77' lang='grc'><em>’</em></span> 
     </span>
     <span class='ocr_line' id='line_1_19' title="bbox 170 2783 1141 2881; baseline 0 -22"><span class='ocrx_word' id='word_1_130' title='bbox 170 2792 200 2829; x_wconf 88' lang='lat'><strong>“</strong></span> <span class='ocrx_word' id='word_1_131' title='bbox 217 2783 492 2881; x_wconf 88' lang='lat' dir='ltr'>tc,Vespas1ane,</span> <span class='ocrx_word' id='word_1_132' title='bbox 518 2787 563 2858; x_wconf 91' lang='lat' dir='ltr'>ad</span> <span class='ocrx_word' id='word_1_133' title='bbox 581 2784 765 2881; x_wconf 82' lang='lat' dir='ltr'>imperium</span> <span class='ocrx_word' id='word_1_134' title='bbox 782 2811 885 2874; x_wconf 86' lang='lat' dir='ltr'>voc0,</span> <span class='ocrx_word' id='word_1_135' title='bbox 906 2806 977 2858; x_wconf 90' lang='lat' dir='ltr'>tam</span> <span class='ocrx_word' id='word_1_136' title='bbox 999 2784 1141 2861; x_wconf 89' lang='lat' dir='ltr'>salutare</span> 
     </span>
     <span class='ocr_line' id='line_1_20' title="bbox 167 2904 1138 3002; baseline -0.001 -24"><span class='ocrx_word' id='word_1_137' title='bbox 167 2913 195 2948; x_wconf 91' lang='lat'><strong>“</strong></span> <span class='ocrx_word' id='word_1_138' title='bbox 213 2905 423 3001; x_wconf 82' lang='lat' dir='ltr'>reipublicae,</span> <span class='ocrx_word' id='word_1_139' title='bbox 439 2905 546 3001; x_wconf 78' lang='lat' dir='ltr'>quam</span> <span class='ocrx_word' id='word_1_140' title='bbox 562 2905 624 2977; x_wconf 93' lang='lat' dir='ltr'>tibi</span> <span class='ocrx_word' id='word_1_141' title='bbox 640 2904 877 3002; x_wconf 87' lang='lat' dir='ltr'>magnificum.</span> <span class='ocrx_word' id='word_1_142' title='bbox 919 2907 1027 2998; x_wconf 85' lang='lat' dir='ltr'>Juxta</span> <span class='ocrx_word' id='word_1_143' title='bbox 1041 2906 1138 2994; x_wconf 89' lang='lat' dir='ltr'>deos,</span> 
     </span>
     <span class='ocr_line' id='line_1_21' title="bbox 169 3022 1138 3120; baseline 0 -23"><span class='ocrx_word' id='word_1_144' title='bbox 169 3032 196 3067; x_wconf 91' lang='lat'><strong>“</strong></span> <span class='ocrx_word' id='word_1_145' title='bbox 215 3025 250 3098; x_wconf 92' lang='lat' dir='ltr'>in</span> <span class='ocrx_word' id='word_1_146' title='bbox 267 3026 326 3095; x_wconf 62' lang='lat' dir='ltr'>tu&amp;</span> <span class='ocrx_word' id='word_1_147' title='bbox 340 3048 442 3095; x_wconf 91' lang='lat' dir='ltr'>manu</span> <span class='ocrx_word' id='word_1_148' title='bbox 461 3027 606 3119; x_wconf 76' lang='lat' dir='ltr'>positum</span> <span class='ocrx_word' id='word_1_149' title='bbox 623 3023 680 3096; x_wconf 88' lang='lat' dir='ltr'>est.</span> <span class='ocrx_word' id='word_1_150' title='bbox 731 3026 807 3096; x_wconf 86' lang='lat' dir='ltr'>Nee</span> <span class='ocrx_word' id='word_1_151' title='bbox 834 3022 983 3120; x_wconf 90' lang='lat' dir='ltr'>speciem</span> <span class='ocrx_word' id='word_1_152' title='bbox 996 3026 1138 3097; x_wconf 89' lang='lat' dir='ltr'>adulan-</span> 
     </span>
     <span class='ocr_line' id='line_1_22' title="bbox 171 3142 1124 3239; baseline -0.001 -23"><span class='ocrx_word' id='word_1_153' title='bbox 171 3144 259 3217; x_wconf 88' lang='lat' dir='ltr'>“tis</span> <span class='ocrx_word' id='word_1_154' title='bbox 291 3142 492 3238; x_wconf 83' lang='lat' dir='ltr'>expaveris:</span> <span class='ocrx_word' id='word_1_155' title='bbox 529 3169 549 3215; x_wconf 90' lang='lat' dir='ltr'>a</span> <span class='ocrx_word' id='word_1_156' title='bbox 578 3143 802 3233; x_wconf 64' lang='lat' dir='ltr'>contumelias,</span> <span class='ocrx_word' id='word_1_157' title='bbox 835 3145 942 3239; x_wconf 76' lang='lat' dir='ltr'>quam</span> <span class='ocrx_word' id='word_1_158' title='bbox 975 3170 995 3216; x_wconf 93' lang='lat' dir='ltr'>a</span> <span class='ocrx_word' id='word_1_159' title='bbox 1023 3145 1124 3216; x_wconf 88' lang='lat' dir='ltr'>laude</span> 
     </span>
     <span class='ocr_line' id='line_1_23' title="bbox 168 3260 1164 3360; baseline 0.003 -26"><span class='ocrx_word' id='word_1_160' title='bbox 168 3270 196 3306; x_wconf 89' lang='lat'><strong>“</strong></span> <span class='ocrx_word' id='word_1_161' title='bbox 215 3261 355 3358; x_wconf 93' lang='lat' dir='ltr'>propius</span> <span class='ocrx_word' id='word_1_162' title='bbox 383 3260 498 3349; x_wconf 89' lang='lat' dir='ltr'>suerit,</span> <span class='ocrx_word' id='word_1_163' title='bbox 526 3264 601 3358; x_wconf 90' lang='lat' dir='ltr'>post</span> <span class='ocrx_word' id='word_1_164' title='bbox 626 3263 805 3335; x_wconf 85' lang='lat' dir='ltr'>Vitellium</span> <span class='ocrx_word' id='word_1_165' title='bbox 828 3263 920 3360; x_wconf 84' lang='lat' dir='ltr'>eligi.</span> <span class='ocrx_word' id='word_1_166' title='bbox 970 3266 1053 3337; x_wconf 91' lang='lat' dir='ltr'>Non</span> <span class='ocrx_word' id='word_1_167' title='bbox 1078 3266 1164 3337; x_wconf 85' lang='lat' dir='ltr'>ad·-</span> 
     </span>
     <span class='ocr_line' id='line_1_24' title="bbox 170 3379 1137 3478; baseline 0.003 -24"><span class='ocrx_word' id='word_1_168' title='bbox 170 3382 331 3454; x_wconf 78' lang='lat' dir='ltr'>“versus</span> <span class='ocrx_word' id='word_1_169' title='bbox 357 3379 429 3452; x_wconf 90' lang='lat' dir='ltr'>divi</span> <span class='ocrx_word' id='word_1_170' title='bbox 458 3383 607 3478; x_wconf 85' lang='lat' dir='ltr'>Augusti</span> <span class='ocrx_word' id='word_1_171' title='bbox 636 3382 839 3455; x_wconf 86' lang='lat' dir='ltr'>acerrimam</span> <span class='ocrx_word' id='word_1_172' title='bbox 870 3405 1038 3472; x_wconf 90' lang='lat' dir='ltr'>mentem,</span> <span class='ocrx_word' id='word_1_173' title='bbox 1073 3410 1137 3457; x_wconf 89' lang='lat' dir='ltr'>nec</span> 
     </span>
     <span class='ocr_line' id='line_1_25' title="bbox 174 3499 1139 3590; baseline 0 -16"><span class='ocrx_word' id='word_1_174' title='bbox 174 3509 201 3544; x_wconf 93' lang='lat'><strong>“</strong></span> <span class='ocrx_word' id='word_1_175' title='bbox 220 3500 383 3574; x_wconf 79' lang='lat' dir='ltr'>adversirs</span> <span class='ocrx_word' id='word_1_176' title='bbox 417 3501 643 3573; x_wconf 79' lang='lat' dir='ltr'>cautissimam</span> <span class='ocrx_word' id='word_1_177' title='bbox 672 3500 804 3573; x_wconf 89' lang='lat' dir='ltr'>Tiberii</span> <span class='ocrx_word' id='word_1_178' title='bbox 839 3499 1059 3590; x_wconf 72' lang='lat' dir='ltr'>senedutem,</span> <span class='ocrx_word' id='word_1_179' title='bbox 1096 3527 1139 3575; x_wconf 91' lang='lat' dir='ltr'>ne</span> 
     </span>
     <span class='ocr_line' id='line_1_26' title="bbox 169 3619 1137 3716; baseline 0.001 -24"><span class='ocrx_word' id='word_1_180' title='bbox 169 3628 196 3667; x_wconf 89' lang='lat'><strong><em>“</em></strong></span> <span class='ocrx_word' id='word_1_181' title='bbox 213 3643 332 3693; x_wconf 87' lang='lat' dir='ltr'>contra</span> <span class='ocrx_word' id='word_1_182' title='bbox 357 3619 431 3691; x_wconf 91' lang='lat' dir='ltr'>Caii</span> <span class='ocrx_word' id='word_1_183' title='bbox 454 3620 611 3716; x_wconf 93' lang='lat' dir='ltr'>quidem,</span> <span class='ocrx_word' id='word_1_184' title='bbox 636 3640 693 3692; x_wconf 90' lang='lat' dir='ltr'>aut</span> <span class='ocrx_word' id='word_1_185' title='bbox 718 3620 869 3708; x_wconf 85' lang='lat' dir='ltr'>Claudii,</span> <span class='ocrx_word' id='word_1_186' title='bbox 893 3621 948 3693; x_wconf 90' lang='lat' dir='ltr'>vel</span> <span class='ocrx_word' id='word_1_187' title='bbox 972 3621 1137 3712; x_wconf 91' lang='lat' dir='ltr'>Neronis,</span> 
     </span>
     <span class='ocr_line' id='line_1_27' title="bbox 169 3737 1135 3841; baseline 0.003 -31"><span class='ocrx_word' id='word_1_188' title='bbox 169 3747 196 3782; x_wconf 90' lang='lat'><strong>“</strong></span> <span class='ocrx_word' id='word_1_189' title='bbox 214 3738 392 3812; x_wconf 88' lang='lat' dir='ltr'>fundatam</span> <span class='ocrx_word' id='word_1_190' title='bbox 410 3740 518 3834; x_wconf 79' lang='lat' dir='ltr'>longo</span> <span class='ocrx_word' id='word_1_191' title='bbox 548 3739 695 3836; x_wconf 87' lang='lat' dir='ltr'>imperio</span> <span class='ocrx_word' id='word_1_192' title='bbox 712 3740 872 3841; x_wconf 87' lang='lat' dir='ltr'>domum,</span> <span class='ocrx_word' id='word_1_193' title='bbox 896 3737 1135 3836; x_wconf 82' lang='lat' dir='ltr'>exsurgimus:</span> 
     </span>
     <span class='ocr_line' id='line_1_28' title="bbox 170 3857 1135 3954; baseline 0 -23"><span class='ocrx_word' id='word_1_194' title='bbox 170 3866 197 3949; x_wconf 87' lang='lat'>.“</span> <span class='ocrx_word' id='word_1_195' title='bbox 216 3859 332 3932; x_wconf 84' lang='lat' dir='ltr'>ceffisti</span> <span class='ocrx_word' id='word_1_196' title='bbox 349 3858 453 3930; x_wconf 90' lang='lat' dir='ltr'>etiam</span> <span class='ocrx_word' id='word_1_197' title='bbox 468 3860 589 3931; x_wconf 84' lang='lat' dir='ltr'>Galbae</span> <span class='ocrx_word' id='word_1_198' title='bbox 604 3857 822 3954; x_wconf 83' lang='lat' dir='ltr'>imaginibus.</span> <span class='ocrx_word' id='word_1_199' title='bbox 864 3859 1018 3954; x_wconf 86' lang='lat' dir='ltr'>Torpere</span> <span class='ocrx_word' id='word_1_200' title='bbox 1034 3861 1135 3950; x_wconf 76' lang='lat' dir='ltr'>ultral,</span> 
     </span>
     <span class='ocr_line' id='line_1_29' title="bbox 169 3975 1204 4076; baseline 0 -24"><span class='ocrx_word' id='word_1_201' title='bbox 169 3985 197 4021; x_wconf 79' lang='lat'>‘⁶</span> <span class='ocrx_word' id='word_1_202' title='bbox 216 3984 248 4052; x_wconf 88' lang='lat'>&amp;</span> <span class='ocrx_word' id='word_1_203' title='bbox 267 3979 494 4076; x_wconf 85' lang='lat' dir='ltr'>polluendam</span> <span class='ocrx_word' id='word_1_204' title='bbox 512 3977 794 4075; x_wconf 89' lang='lat' dir='ltr'>perdendamque</span> <span class='ocrx_word' id='word_1_205' title='bbox 816 3975 1066 4075; x_wconf 87' lang='lat' dir='ltr'>rempublicam</span> <span class='ocrx_word' id='word_1_206' title='bbox 1084 4003 1136 4052; x_wconf 86' lang='lat' dir='ltr'>re·</span> <span class='ocrx_word' id='word_1_207' title='bbox 1200 3998 1204 4008; x_wconf 88' lang='lat'><em>&#39;</em></span> 
     </span>
    </p>
   </div>
   <div class='ocr_carea' id='block_1_3' title="bbox 0 0 1504 5144">
    <p class='ocr_par' dir='ltr' id='par_1_4' title="bbox 0 0 1504 5144">
     <span class='ocr_line' id='line_1_30' title="bbox 0 0 1504 5144; baseline 0 0"><span class='ocrx_word' id='word_1_208' title='bbox 0 0 1504 5144; x_wconf 95' lang='lat' dir='ltr'> </span> 
     </span>
    </p>
   </div>
  </div>
 </body>
</html>
