3000 5144
430 506 820 578 Hrssonrnnnnt
852 503 961 574 Lta.
995 502 1057 573 lV.
1164 504 1232 598 269

264 701 329 751 nec
348 676 511 773 proelium
530 702 600 749 nox
617 677 804 750 dirimeret.
854 678 1020 748 Cohortes
1039 676 1240 747 Geldubam

266 799 457 893 perrexdre,
489 796 723 884 manentibus,
753 816 792 866 ut
825 792 969 882 fuerant,
1000 793 1130 882 castris,
1162 818 1240 889 quae

209 970 215 981 .
266 914 460 986 relidorum
479 913 548 986 illic
561 914 712 985 militum
727 913 880 1008 praesrdio
895 915 1113 985 tenebantur.
1156 912 1245 982 Non

261 1054 334 1104 erat
349 1033 513 1121 dubium,
537 1053 706 1129 quantum
724 1033 758 1103 in
776 1033 925 1126 regressu
942 1029 1146 1103 discriminis
1178 1031 1240 1102 ad-

265 1151 420 1224 eundum
448 1151 548 1240 soret,
578 1149 882 1222 frumentatoribus
909 1149 1039 1221 onustis
1067 1145 1240 1244 perculsis-

267 1295 347 1367 que.
397 1270 509 1342 Addit
536 1269 699 1342 exercitui
726 1269 785 1341 suo
805 1269 938 1341 Vocula
957 1266 1050 1339 mille
1076 1268 1242 1356 delestos,

267 1414 288 1461 e
305 1388 426 1485 quinta
456 1394 489 1460 δι
509 1387 765 1485 quintadecima
790 1386 986 1483 legionibus
1008 1386 1101 1480 apud
1120 1388 1245 1458 Vetera

267 1505 415 1595 obseffis‚
451 1506 661 1579 indomitum
692 1506 852 1595 militem,
890 1509 923 1577 &
956 1504 1104 1577 ducibus
1135 1503 1245 1576 insen-

269 1625 355 1698 sum.
405 1627 539 1713 Plures,
568 1626 675 1720 quarn
694 1623 823 1720 jussum
840 1644 924 1712 erat,
945 1622 1102 1719 professi,
1130 1626 1244 1720 palam

269 1744 304 1816 in
330 1744 470 1840 agmine
486 1742 691 1831 fremebant,
716 1751 742 1784 “
763 1768 832 1814 non
856 1739 890 1813 se
908 1742 996 1814 ultra
1018 1741 1161 1832 samem,
1190 1742 1241 1814 in·

271 1871 297 1905 “
317 1864 413 1935 srdias
431 1864 623 1960 legatorum
641 1861 878 1934 toleraturos.”
929 1864 993 1949 At,
1024 1861 1083 1956 qui
1110 1886 1244 1934 reman-

269 1981 388 2071 serant,
417 1981 608 2054 “desertos
636 1979 682 2068 se,
721 1980 871 2052 abunda
900 1998 996 2074 parte
1027 1979 1246 2076 legionum,''

271 2103 514 2197 querebantur.
565 2101 709 2196 Duplex
727 2098 808 2170 hinc
824 2096 959 2186 seditio,
989 2097 1063 2169 aliis
1079 2125 1245 2172 revocan-

269 2219 362 2291 tibus
379 2221 566 2307 Voculam,
592 2218 665 2291 aliis
682 2218 793 2290 redire
810 2217 846 2289 in
862 2217 969 2289 castra
985 2218 1228 2293 abnuentibus.

318 2339 493 2410 XXXVI.
519 2339 697 2410 lutearia
725 2336 846 2409 Civilis
869 2339 993 2408 Vetera
1015 2337 1244 2410 circumsedit.

271 2454 406 2528 Vocula
422 2457 636 2544 Geldubam,
667 2477 771 2553 atque
786 2456 869 2528 inde
889 2458 1079 2528 Novefium
1107 2456 1246 2531 conces-

272 2578 322 2646 sit.
371 2574 491 2646 Civilis
508 2575 600 2670 capit
616 2576 826 2648 Geldubam.
877 2578 983 2663 Mox,
1011 2577 1104 2647 haud
1125 2579 1246 2672 procul

270 2694 437 2782 Novesio,
466 2694 610 2791 equestri
640 2695 762 2790 proelio
792 2691 949 2789 prospere
978 2695 1129 2766 certavit.
1179 2697 1246 2768 Sed

270 2811 384 2900 miles,
420 2811 575 2886 secundis
608 2811 832 2909 adversisque,
869 2811 1009 2908 perinde
1039 2812 1074 2884 in
1101 2813 1247 2887 exitium

270 2932 402 3004 ducum
431 2934 693 3005 accendebatur.
745 2935 790 3002 Et
818 2932 970 3003 adventu
997 2929 1246 3026 quintanorum

274 3050 729 3148 quintadecimanorumque
758 3053 866 3123 audae
895 3051 1060 3147 legiones,
1092 3058 1120 3092 “
1138 3052 1246 3125 dona·

274 3176 302 3211 “
319 3170 454 3241 tivum''
472 3169 675 3266 exposcunt,
708 3189 888 3265 comperto
902 3168 1085 3264 pecuniam
1103 3195 1123 3240 a
1138 3169 1246 3242 Vitel-

274 3287 323 3359 lio
346 3289 494 3359 millam.
544 3290 621 3359 Nec
646 3287 705 3360 diu
722 3290 897 3360 cundatus
915 3288 1153 3376 Hordeonius,
1182 3315 1244 3361 no-

274 3406 368 3478 mine
385 3405 574 3501 Vespasiani
591 3406 696 3478 dedit.
746 3408 856 3503 ldque
874 3406 1088 3502 praecipuum
1108 3406 1171 3479 suit
1196 3408 1245 3481 se.

274 3524 412 3597 ditionis
437 3524 652 3597 alimentum.
704 3527 810 3596 Effusi
841 3525 874 3597 in
904 3526 1027 3596 luxum
1058 3529 1091 3596 ὅτ
1114 3530 1245 3622 epulas,

277 3649 310 3716 ὃ(
328 3645 513 3714 nodurnos
530 3664 654 3731 coetus,
684 3664 835 3716 veterent
854 3643 888 3714 in
902 3645 1147 3716 Hordeonium
1162 3645 1247 3718 iram

276 3782 459 3834 renovant:
487 3789 550 3835 nec
567 3764 639 3836 ullo
656 3765 861 3859 legatorum,
896 3761 1159 3836 tribunorumve
1181 3767 1244 3837 ob·

277 3880 384 3954 sistere
400 3879 480 3954 auso
504 3881 654 3978 (quippe
671 3905 813 3954 omnem
829 3881 1001 3978 pudorem
1018 3906 1090 3955 nox
1107 3884 1245 3957 ademe-
