3000 5144
271 546 341 641 276
457 540 500 613 C.
540 542 806 618 Connnnrt
846 545 1045 622 Tncrrt

272 724 301 761 “
318 717 480 791 timemus
504 714 772 813 Vespastanum:
806 742 847 792 ea
879 717 1044 815 Principis
1076 730 1178 803 atas,
1208 738 1254 787 ea

271 843 298 878 “
315 835 514 909 moderatio.
563 838 629 909 Sed
646 836 773 909 diutius
795 837 919 909 durant
935 836 1109 932 exempla,
1136 834 1251 932 qudm

272 962 300 997 “
318 979 440 1027 mores.
507 955 750 1051 Elnngnimus,
790 974 903 1050 patres
933 952 1143 1050 conscripti;
1180 977 1250 1025 nec

271 1070 386 1168 “jam
403 1073 460 1145 ille
476 1071 609 1146 senatus
626 1071 755 1159 sumus,
782 1072 858 1167 qui,
876 1071 988 1146 occiso
1005 1074 1163 1160 Nerone,
1179 1071 1247 1143 de-

271 1193 437 1264 “latores
467 1196 499 1263 ἃ
526 1191 710 1278 ministros,
740 1215 836 1262 more
858 1189 1025 1284 majorum
1050 1189 1249 1286 puniendos

271 1317 299 1353 “
318 1310 506 1407 flagitabat.
554 1309 718 1406 Optimus
750 1309 811 1398 est,
843 1309 919 1406 post
943 1311 1077 1383 malum
1105 1307 1244 1382 Princi-

273 1435 299 1473 “
318 1455 412 1525 pern,
426 1428 499 1500 dies
515 1426 683 1524 primus.”

316 1547 450 1621 XLIII.
473 1548 618 1619 Tnuro
635 1571 716 1619 cum
732 1546 872 1619 adsensu
884 1545 1016 1619 senatus
1033 1545 1172 1620 auditus
1191 1542 1243 1617 est

268 1670 474 1752 Montanus,
489 1684 525 1737 ut
542 1663 637 1763 spem
653 1686 791 1761 caperet
808 1665 1008 1753 Helvidius,
1026 1667 1120 1760 polle
1137 1663 1243 1737 etiam

268 1785 478 1859 Marcellum
496 1782 672 1879 prosterni.
722 1782 833 1880 Igitur
854 1810 875 1856 a
896 1786 997 1858 laude
1019 1782 1135 1855 Cluvii
1154 1782 1242 1855 Rufi

267 1903 376 1992 orsus,
388 1902 448 1999 qui
466 1901 608 1999 perinde
619 1901 730 1991 dives,
750 1907 784 1975 dr
801 1903 997 2000 eloquentis
1013 1904 1137 1990 clarus,
1154 1898 1242 1974 nulli

265 2047 435 2119 umquam
452 2020 513 2094 sub
529 2023 669 2094 Nerone
684 2020 874 2116 periculum
890 2021 1078 2110 sacelsrlset,
1096 2018 1241 2092 crimine

268 2142 368 2216 srmul
404 2142 636 2236 exemploque
665 2139 811 2234 Eprium
843 2143 1003 2238 urgebat,
1041 2137 1240 2212 ardentibus

267 2278 401 2355 patrum
418 2257 552 2329 animis.
602 2258 710 2352 Qrod
726 2258 785 2331 ubi
808 2257 903 2331 sensu
920 2259 1125 2348 Marcellus,
1143 2258 1240 2330 velut

265 2379 436 2450 excedens
453 2374 564 2458 curin
594 2382 622 2418 “
640 2377 774 2464 lmus,’'
789 2375 917 2474 inquit,
945 2384 972 2419 “
991 2376 1114 2465 Prisce,
1134 2380 1169 2449 δι
1186 2400 1238 2447 re·

264 2503 292 2538 “
312 2492 501 2589 linquimus
516 2492 577 2565 tibi
594 2491 747 2571 senatum
771 2514 896 2567 tuum:
927 2519 1047 2592 regna,
1073 2492 1239 2590 praesente

265 2620 293 2657 “
312 2611 476 2686 casser·
525 2615 737 2709 Sequebatur
750 2613 874 2687 Vibius
890 2612 1042 2710 Crispus,
1059 2614 1165 2686 ambo
1182 2612 1236 2685 in·

262 2729 359 2821 fensi,
384 2733 484 2804 vultu
505 2730 660 2815 divers03
688 2734 878 2806 Marcellus
895 2732 1089 2809 minacibus
1111 2731 1237 2822 oculis,

261 2850 399 2948 Crispus
417 2849 596 2935 renidens;
619 2852 732 2923 donec
756 2850 900 2924 adcursu
918 2851 1112 2925 amicorum
1129 2870 1237 2924 retra·

260 2973 433 3042 herentur.
498 2971 590 3041 Cirm
620 2968 771 3064 glisceret
797 2990 984 3060 certamen,
1019 2970 1099 3043 hinc
1132 2970 1236 3042 multi

261 3090 430 3186 bonique,
459 3088 541 3159 inde
568 3087 666 3182 pauci
696 3092 730 3160 ὃ(
757 3088 862 3160 validi
890 3088 1120 3185 pertinacibus
1144 3087 1236 3161 odiis

262 3211 455 3294 tenderent,
475 3205 698 3302 consumptus
715 3231 777 3302 per
791 3207 995 3280 discordiam
1012 3207 1096 3280 dies.

307 3329 441 3400 XLIV.
467 3327 654 3397 Pnoxrruo
669 3323 796 3414 senatu,
810 3325 995 3399 inchoante
1004 3325 1135 3401 Caesare
1148 3333 1176 3370 “
1187 3328 1235 3401 de

261 3445 480 3519 “abolendo
502 3446 622 3516 dolore
646 3443 775 3540 irasque,
803 3450 836 3517 &
862 3446 1014 3541 priorum
1032 3465 1234 3540 temporum

259 3574 287 3612 “
306 3563 588 3651 necessitatibus,”
601 3562 729 3635 censuit
740 3563 925 3635 Mucianus
943 3563 1077 3659 prolixe
1094 3588 1158 3658 pro
1174 3588 1234 3636 ac·

256 3682 480 3770 cusatoribus,
496 3682 594 3753 srmul
611 3706 683 3770 eos,
704 3680 763 3778 qui
780 3700 946 3777 coeptam,
970 3681 1050 3753 dein
1072 3680 1233 3755 omissam

255 3802 426 3873 actionem
458 3820 664 3894 repeterent,
697 3800 830 3872 monuit
861 3800 1016 3873 sermone
1047 3799 1159 3888 molli,
1194 3804 1231 3873 dc

253 3938 435 4019 tamquam
462 3936 610 4013 rogaret.
658 3919 776 3990 Patres
799 3937 988 4016 coeptatam
1021 3918 1229 4007 libertatem,
