3000 5144
441 571 974 644 Hrsronmnuum.
1009 572 1053 642 V.
1174 594 1241 668 327

270 741 467 830 libidinem,
505 740 564 837 jus
598 742 732 839 regium
764 742 872 816 servili
899 743 1041 841 ingenio
1073 741 1241 829 exercuit,

267 863 426 952 Drusilla,
444 863 635 956 Cleopatrae
656 868 689 934 Ac
710 861 851 934 Antonii
874 882 988 957 nepte,
1012 861 1047 932 in
1064 862 1241 934 matrimo-

268 980 366 1052 nium
385 982 538 1074 acceptd,
551 999 590 1051 ut
607 978 759 1076 ejusdem
776 980 924 1052 Antonii
940 980 1039 1053 Felix
1058 1006 1241 1078 progener,

265 1098 430 1171 Claudius
448 1123 553 1193 nepos
570 1100 669 1170 esset.

314 1220 362 1291 X.
387 1219 575 1289 Duunvrr
594 1237 709 1289 tamen
729 1216 890 1312 patientia
906 1215 1052 1310 Judaeis,
1071 1213 1241 1312 usquead

266 1338 421 1408 Geffium
443 1337 600 1423 Flonrm,
626 1358 893 1432 procuratorem.
942 1337 1013 1408 Sub
1040 1360 1083 1414 eo
1112 1338 1243 1408 bellum

267 1476 403 1527 ortum:
429 1458 462 1526 δι
490 1454 720 1550 comprimere
751 1476 962 1550 coeptantem
986 1453 1141 1527 Cestium
1158 1456 1242 1527 Gal·
1300 1466 1304 1471 ’

267 1576 356 1662 lum,
380 1574 483 1668 Syriae
508 1577 676 1671 legatum,
703 1574 798 1646 varia
819 1574 954 1669 proelia,
972 1599 1011 1645 ac
1034 1571 1156 1670 saepius
1180 1575 1240 1649 ad·

266 1691 361 1766 versa
384 1695 565 1789 excepere.
614 1693 687 1790 Qri
704 1693 764 1765 ubi
779 1688 864 1782 sato,
894 1713 952 1764 aut
968 1691 1072 1765 taedio
1088 1692 1239 1778 occidit;

267 1812 366 1883 miffu
395 1811 561 1899 Neronis,
586 1811 807 1907 Vespasianus
835 1810 972 1884 sortund
1001 1810 1173 1908 famesque,
1206 1817 1241 1886 bt

265 1931 416 2028 egregiis
435 1930 610 2020 ministris,
639 1931 726 2003 intra
742 1932 827 2002 duas
845 1930 986 2017 aestates,
1004 1930 1128 2003 cunda
1144 1956 1239 2003 cam-

264 2076 405 2146 porum,
419 2050 618 2148 omnesque,
632 2069 753 2147 praeter
764 2047 1020 2145 Hierosolyma,
1033 2050 1148 2138 urbes,
1166 2049 1240 2123 vic·

212 2206 215 2214 ·
264 2190 336 2243 tore
351 2170 503 2243 exercitu
519 2171 667 2242 tenebat.
716 2167 900 2240 Proximus
916 2193 1024 2240 annus
1036 2167 1130 2240 civili
1148 2171 1239 2242 bello

262 2290 425 2377 intentus,
446 2289 617 2385 quantum
641 2289 685 2361 ad
701 2290 854 2383 Judaeos,
873 2313 935 2384 per
955 2287 1065 2359 otium
1089 2289 1238 2362 transiit:

265 2433 349 2504 pace
371 2433 432 2503 per
457 2408 592 2479 Italiam
621 2411 727 2502 partd,
758 2411 961 2479 &externa
987 2433 1076 2479 curae
1098 2408 1238 2481 redidre.

265 2529 429 2623 Augebat
445 2525 524 2614 iras,
544 2527 637 2622 quod
663 2525 724 2597 soli
744 2525 858 2618 Judaei
878 2552 947 2597 non
965 2530 1138 2599 cessissent.
1186 2527 1239 2600 Si-

264 2647 340 2718 mul
357 2670 492 2717 manere
504 2646 598 2740 apud
615 2643 783 2716 exercitus
796 2643 932 2732 Titum,
947 2646 990 2716 ad
1009 2671 1129 2717 omnes
1143 2645 1236 2740 prin·

265 2764 401 2859 cipatbs
434 2762 517 2836 novi
549 2782 690 2835 eventus
723 2760 858 2834 casusve
890 2763 1006 2835 utilius
1040 2763 1235 2836 videbatur.

263 2882 373 2980 lgitur
389 2881 519 2969 castris,
538 2883 590 2954 uti
611 2880 779 2968 diximus,
797 2899 876 2952 ante
889 2880 1018 2953 moenia
1032 2879 1234 2981 Hierosoly·

263 3027 401 3074 morum
418 3001 547 3097 positis,
565 3000 743 3101 instruslas
761 2997 913 3096 legiones
926 2998 1115 3072 ostentavit.

310 3122 375 3192 XI.
401 3123 532 3213 Junmr
550 3120 612 3192 sub
629 3117 716 3215 ipsos
732 3143 849 3190 muros
868 3119 1019 3191 struxdre
1036 3118 1160 3208 aciem,
1180 3143 1233 3192 re·

262 3242 326 3312 bus
342 3237 498 3311 secundis
514 3239 652 3335 longius
669 3235 805 3323 ausuri3
826 3242 872 3327 δι,
892 3241 913 3309 s1
931 3238 1148 3332 pellerentur,
1174 3265 1233 3334 pa·

261 3379 335 3432 rato
353 3357 524 3455 perfugio·
572 3357 697 3431 Missus
714 3355 749 3428 in
773 3381 830 3429 eos
846 3381 951 3452 eques
967 3382 1048 3428 cum
1065 3357 1233 3453 expeditis

262 3477 474 3567 cohortibus,
506 3476 669 3574 ambigue
692 3475 844 3549 certavit.
893 3479 986 3548 Mox
1006 3475 1131 3548 cessere
1155 3475 1230 3548 hos·

261 3619 327 3687 tes,
352 3596 621 3693 &sequentibus
644 3595 767 3675 diebus
783 3597 904 3668 crebra
919 3619 984 3689 pro
1005 3595 1112 3689 portis
1138 3621 1231 3689 proe-

265 3719 312 3790 lia
327 3716 479 3788 serebant
491 3744 502 3802 3
527 3717 640 3787 donec
666 3713 799 3787 assiduis
819 3712 969 3799 damnis,
995 3712 1082 3784 intra
1103 3714 1231 3788 moenia

263 3839 481 3936 pellerentur.
548 3833 700 3907 Romani
733 3833 778 3903 ad
813 3836 1088 3928 oppugnandum
1121 3836 1228 3906 vers1:

261 3955 493 4055 nequeenim
527 3954 675 4051 dignum
704 3951 899 4038 videbatur,
927 3950 1055 4025 samem
1084 3952 1233 4028 hostium

696 4072 732 4142 Y
756 4096 781 4161 4
