3000 5144
265 659 1224 881 n‚conuunm

190 879 1059 1085 'ITAoJTr

363 1248 1107 1347 HISTORI.AE.

477 1543 687 1616 LIBER
732 1544 1016 1619 PRIMUS.

460 1814 1042 1854 -—-·-·------

262 1948 453 2096 Intraum
487 2018 573 2090 mihi
605 2017 717 2115 operis
754 2021 823 2091 Ser.
862 2019 977 2090 Galba
1009 2017 1150 2107 iterum,
1183 2018 1230 2090 T.

262 2136 400 2225 Vinius,
424 2137 577 2210 consules
593 2158 703 2209 erunt.
753 2140 849 2210 Nam
868 2137 944 2233 post
960 2137 1134 2210 conditam
1160 2139 1233 2209 Ur-

262 2257 344 2328 bem
356 2253 571 2353 odlingentos
589 2260 622 2328 &
640 2255 763 2353 viginti
782 2255 904 2353 prioris
921 2256 987 2327 aevi
1003 2282 1111 2327 annos
1133 2255 1235 2334 multi

261 2377 416 2448 auctores
438 2377 641 2448 retulerunt:
674 2376 760 2448 dum
783 2400 835 2446 res
852 2375 973 2471 populi
991 2375 1143 2447 Romani
1160 2399 1235 2447 me·

259 2496 495 2584 morabantur,
526 2494 598 2590 pari
626 2493 825 2591 eloquentia
859 2519 900 2566 ac
935 2493 1116 2580 libertate3
1141 2493 1233 2590 post-

263 2639 369 2710 quam
391 2616 559 2687 bellatum
584 2614 679 2710 apud
697 2611 854 2702 Affium,
885 2632 989 2708 atque
1011 2638 1153 2685 omnem
1171 2637 1234 2709 po-

259 2733 415 2805 testatem
433 2734 478 2805 ad
493 2758 604 2805 unum
629 2729 779 2804 conferri
798 2731 891 2828 pacis
916 2730 1085 2821 interfuit,
1109 2757 1237 2829 magna

259 2850 318 2923 illa
334 2850 473 2948 ingenia
490 2850 627 2924 cessere.
678 2850 787 2923 Simul
806 2851 928 2924 veritas
948 2851 1103 2946 pluribus
1122 2851 1237 2923 modis

261 2969 428 3055 infracta3
460 2970 613 3066 primirm
640 2967 769 3041 inscitia
796 2970 1010 3066 reipublicae,
1041 2990 1079 3042 ut
1102 2970 1236 3059 alienae,

261 3115 346 3161 mox
364 3089 504 3161 libidine
521 3088 722 3178 affentandi,
744 3107 802 3160 aut
830 3088 943 3161 rursus
966 3088 1050 3161 odio
1075 3089 1237 3163 adversus

262 3208 491 3281 dominantes.
547 3210 599 3279 lta
630 3207 755 3279 neutris
789 3234 870 3281 cura
899 3207 1116 3302 posteritatis,
1147 3207 1237 3279 inter

260 3325 421 3417 infensos,
446 3328 501 3399 vel
525 3326 708 3398 obnoxios.
756 3327 824 3398 Sed
848 3325 1075 3398 ambitionem
1093 3323 1237 3421 scripto-

261 3446 306 3518 ris
333 3445 429 3519 facile
461 3444 669 3518 adverseris:
703 3444 967 3517 obtrectatio&
1002 3442 1089 3515 livor
1121 3445 1237 3540 pronis

259 3567 397 3639 auribus
418 3564 643 3660 accipiuntur.
706 3564 850 3659 Quippe
878 3563 1067 3635 adulationi
1096 3561 1235 3637 foedum

265 3686 394 3757 crimen
416 3683 600 3775 servitutis,
635 3682 839 3781 malignitati
867 3681 947 3753 falsa
976 3681 1103 3777 species
1136 3684 1237 3756 liber·

263 3802 340 3874 tatis
358 3803 453 3875 inest.
502 3802 597 3876 Mihi
614 3804 740 3891 Galba,
760 3804 869 3889 Otho,
889 3800 1061 3891 Vitellius,
1091 3828 1154 3874 nec
1179 3805 1239 3875 be·

264 3921 405 4014 neficio,
426 3946 490 3997 nec
516 3919 635 4018 injuria
661 3920 806 4018 cogniti.
856 3918 1077 4017 Dignitatem
1090 3921 1240 3995 nostram

712 4042 785 4134 Ba
