3000 5144
290 574 360 659 264
520 560 1094 653 C.C0Rnnr11Tncrrr

287 743 397 829 sudes,
418 744 531 839 gravio
549 744 642 833 saxa,
666 771 735 817 non
752 743 840 816 forte
849 744 1009 840 jaciebat.
1059 744 1134 818 Ubi
1157 746 1260 819 sonus

285 862 517 949 molientium,
542 884 601 935 aut
625 868 784 959 appofrtae
803 862 900 936 scalae
924 864 1057 936 hostem
1082 863 1117 937 in
1135 891 1260 937 manus

284 981 462 1067 dederant,
491 983 682 1077 propellere
703 986 870 1071 umbone,
894 983 966 1078 pilo
990 982 1103 1078 sequi:
1127 986 1259 1056 multos

283 1099 320 1170 in
354 1100 484 1171 moenia
512 1103 671 1196 egrell'os,
697 1101 909 1196 pugionibus
936 1100 1065 1173 fodere.
1113 1102 1168 1174 Sic
1194 1127 1258 1175 ex·

284 1219 400 1290 hausti
417 1222 532 1307 nofle,
545 1244 671 1290 novam
689 1218 799 1289 aciem
816 1218 889 1289 dies
900 1219 1044 1314 aperuit.

331 1339 451 1410 XXX.
479 1339 729 1409 Enoxeunur
753 1337 869 1409 Ratavi
893 1338 1028 1426 turrim,
1055 1338 1186 1434 duplici
1205 1360 1257 1411 ta-

281 1457 414 1543 bulato,
429 1482 533 1550 quam
548 1454 711 1551 praetoriae
726 1475 834 1550 portae
853 1454 900 1547 (is
918 1456 1124 1552 aequilsrmus
1136 1458 1254 1547 locus)

280 1574 586 1670 propinquantem,
617 1574 765 1668 promoti
790 1575 908 1646 contrlr
929 1573 1035 1646 validi
1060 1576 1192 1663 afferes,
1219 1580 1255 1648 dt

278 1694 416 1765 iucullssae
449 1694 559 1764 trabes
602 1689 809 1787 perfregere,
845 1693 956 1765 multlr
987 1691 1254 1788 superstantium

278 1810 439 1908 pernicie.
500 1812 770 1905 Pugnatumque
804 1809 837 1880 in
866 1809 1050 1906 perculsos,
1077 1808 1185 1884 subitd
1217 1816 1253 1884 ὅτ

277 1929 435 2027 prosperrl
461 1928 649 2024 eruptione.
698 1927 844 1999 Simulo
862 1928 1053 2024 legionariis
1077 1928 1197 2024 peritiel
1215 1933 1251 2002 δι

275 2070 347 2120 arte
364 2047 615 2142 praestantibus,
641 2048 741 2141 plura
758 2045 981 2119 struebantur.
1025 2046 1250 2142 Praecipuum

274 2192 440 2263 pavorem
458 2165 569 2237 intulit
585 2163 778 2259 suspensum
797 2170 830 2237 ὃς
848 2186 972 2237 nutans
988 2165 1248 2238 machinamen-

274 2305 364 2371 tum,
384 2283 453 2378 qub
472 2282 607 2376 repente
624 2282 768 2354 demisso
790 2305 913 2378 praeter
929 2280 1069 2355 suorum
1086 2309 1160 2372 ora,
1180 2287 1248 2357 srn-

274 2403 360 2499 guli,
384 2399 538 2495 pluresve
562 2400 712 2471 hostium
736 2399 881 2473 sublime
907 2402 1008 2496 rapti,
1036 2401 1133 2473 verfo
1157 2428 1248 2497 pon-

273 2522 356 2593 dere
383 2518 471 2590 intra
497 2517 601 2590 castra
633 2518 907 2591 effundebantur.
957 2518 1093 2608 Civilis,
1124 2520 1247 2595 omissi

271 2637 499 2735 oppugnandi
524 2636 595 2732 spe,
618 2637 727 2709 rursus
743 2663 804 2732 per
821 2638 933 2710 otium
950 2639 1138 2726 adsidebat,
1154 2664 1245 2711 nun-

271 2758 371 2832 tiis&
391 2756 558 2852 promiffis
575 2758 680 2828 fidem
699 2756 876 2851 legionum
889 2758 1100 2829 convellens.

319 2878 456 2950 XXXI.
492 2878 593 2947 Hffic
622 2875 658 2947 in
686 2874 870 2947 Gerrnanizl
899 2896 978 2945 ante
1008 2876 1243 2950 Cremonense

269 2997 433 3094 proelium
461 2994 569 3088 gestau
596 2991 693 3087 cujus
717 3013 879 3063 eventum
905 2993 1009 3065 literae
1037 2992 1144 3065 Primi
1164 3001 1241 3066 An·

266 3116 351 3188 tonii
368 3116 529 3197 docuere,
555 3109 673 3181 addito
690 3110 837 3181 Caecinae
855 3111 979 3185 edicto.
1031 3115 1077 3183 Et
1100 3111 1241 3208 praefec-

267 3256 322 3307 tus
339 3229 487 3305 cohortis
503 3254 522 3299 e
543 3227 657 3315 victis,
677 3229 828 3324 Alpinus
844 3233 1049 3317 Montanus,
1067 3228 1240 3305 fortunam

266 3352 415 3449 partium
445 3348 587 3444 praefens
616 3345 798 3419 fatebatur.
848 3349 980 3420 Diversi
1006 3348 1087 3420 hinc
1121 3371 1238 3423 motus

264 3472 471 3545 animorum.
522 3466 664 3539 Auxilio
681 3491 699 3538 e
716 3467 841 3554 Gallie,
860 3470 937 3562 quls
956 3493 1017 3539 nec
1043 3493 1152 3559 amor,
1172 3494 1236 3543 nec

262 3590 382 3665 odium
407 3587 442 3657 in
465 3606 588 3681 partes,
615 3585 737 3656 militia
761 3588 828 3655 sine
852 3587 990 3675 effodio,
1022 3588 1237 3661 hortantibus

260 3705 439 3805 praefeflis,
456 3705 568 3777 statim
586 3730 607 3775 a
623 3703 763 3774 Vitellio
780 3702 991 3775 desciscunt:
1020 3727 1119 3777 vetus
1136 3707 1236 3780 miles

257 3827 491 3899 cunctabatur.
541 3824 608 3895 Sed
620 3822 780 3917 adigente
796 3822 1006 3894 Hordeonio
1023 3824 1162 3911 Flacco,
1181 3824 1233 3895 in-

257 3942 423 4021 stantibus
439 3940 600 4029 tribunis,
618 3939 710 4013 dixit
731 3939 998 4029 sacramentum,
1024 3966 1096 4013 non
1114 3945 1230 4033 vultu,
