3000 5144
196 644 200 671 Ι
262 575 333 647 322
431 548 1033 623 C.ConnrarrTacrr1

265 724 445 822 quondam
477 744 689 821 turpaverat,
722 723 779 797 cui
804 723 839 796 id
872 722 1002 795 animal
1029 717 1244 799 obnoxium.

266 847 433 941 Longam
460 842 545 917 olim
571 841 700 917 famem
735 842 861 916 crebris
889 842 1004 914 adhuc
1026 838 1165 937 jejuniis
1190 833 1245 911 fa·

216 956 220 965 ’
265 982 390 1034 rentur.
442 964 488 1034 Et
505 984 676 1058 raptarum
694 959 834 1059 frugum
857 979 1116 1058 argumentum,
1143 954 1247 1053 panis

265 1081 433 1175 Judaicus
457 1082 553 1153 nullo
578 1079 760 1169 fermento,
787 1080 919 1153 retinet.
970 1087 997 1122 ‘⁴
1015 1077 1169 1174 Septimo
1185 1074 1247 1148 die

265 1200 420 1272 “otium
439 1199 625 1294 placuille''
648 1197 780 1272 ferunt:
808 1199 936 1296 “quia
959 1197 987 1271 is
1009 1199 1117 1271 finem
1142 1196 1244 1268 labo·

267 1326 295 1362 “
312 1344 391 1392 rum
408 1319 539 1404 tulerit3
565 1319 660 1408 dein,
686 1318 886 1391 blandiente
901 1317 1036 1405 inertia,
1054 1312 1244 1412 septimum

267 1444 453 1534 “quoque
483 1463 614 1510 annum
643 1436 791 1533 ignaviae
816 1438 972 1511 datum.’'
1022 1434 1095 1509 Alii
1130 1441 1157 1476 “
1177 1432 1244 1506 ho·

269 1561 297 1598 “
315 1581 434 1629 norem
458 1581 537 1628 eum
554 1557 699 1628 Saturno
717 1556 859 1631 haberi:
885 1555 955 1645 seu,
981 1551 1147 1650 principia
1164 1552 1245 1625 reli·

268 1682 296 1718 “
315 1675 425 1772 gionis
442 1676 656 1749 tradentibus
672 1674 786 1765 Idaeis,
803 1700 889 1772 quos
906 1700 988 1748 cum
1000 1676 1147 1748 Saturno
1164 1673 1245 1768 pul·

271 1801 299 1837 “
318 1792 383 1885 sos,
402 1796 648 1868 &conditores
667 1796 777 1894 gentis
793 1794 1004 1890 accepimus,
1021 1792 1091 1882 seu,
1111 1789 1247 1888 quode

270 1920 298 1957 ‘⁴
317 1914 445 2011 septem
463 1915 638 2005 sideribus,
665 1918 746 2012 quls
770 1916 929 1987 mortales
946 1933 1125 2010 reguntur,
1153 1908 1248 1983 altis·

269 2040 298 2076 “
316 2037 400 2107 fimo
416 2037 513 2122 orbe,
544 2039 578 2107 δι
603 2034 773 2131 praecipua
799 2032 965 2130 potentia,
990 2032 1084 2106 stella
1107 2029 1246 2109 Saturni

193 2202 198 2212 -
272 2159 300 2195 “
319 2151 444 2224 feratur
454 2181 465 2237 ;
483 2179 523 2224 ac
537 2155 697 2251 pleraque
715 2152 914 2241 caelestium,
927 2152 1000 2225 vim
1012 2150 1107 2224 suam
1119 2152 1153 2220 &
1171 2173 1250 2222 cur·

271 2276 299 2312 “
317 2270 391 2342 sum
405 2268 565 2365 septimos
582 2296 643 2367 per
659 2297 819 2344 numeros
832 2270 1051 2345 conficiant.”

317 2391 361 2459 V.
386 2390 444 2460 Hr
465 2388 564 2481 ritus,
582 2416 724 2487 quoquo
741 2392 848 2465 modo
870 2390 1016 2480 inducti,
1041 2387 1248 2487 antiquitate

269 2505 522 2580 defenduntur:
553 2530 663 2582 cetera
681 2509 834 2583 instituta
857 2510 998 2599 sinistra,
1029 2506 1137 2600 foeda,
1164 2533 1246 2605 pra·

270 2625 374 2699 vitate
391 2628 540 2700 valuiere.
590 2631 685 2702 Nam
703 2631 863 2725 pellimus
881 2628 1037 2727 quisque,
1055 2626 1173 2725 spretis
1191 2652 1244 2701 re-

268 2744 456 2845 ligionibus
482 2749 611 2845 patriis,
639 2748 824 2823 tributa&
850 2749 951 2846 stipes
975 2749 1057 2822 illuc
1076 2771 1247 2846 congere·

269 2869 364 2939 bant.
414 2870 521 2941 Unde
537 2871 645 2942 audae
667 2869 872 2962 Judaeorum
897 2894 971 2954 res;
999 2873 1032 2941 δι
1050 2867 1133 2965 quia
1149 2867 1248 2962 apud

268 2986 356 3083 ipsos
375 2990 459 3059 fides
481 2988 660 3076 obstinata,
688 2987 918 3059 misericordia
934 2988 967 3060 in
987 3006 1166 3083 promptu,
1185 2985 1246 3058 sed

270 3108 430 3178 adversita
448 3133 566 3178 omnes
580 3107 663 3179 alios
674 3107 793 3178 hostile
806 3107 940 3179 odium.
990 3105 1143 3203 Separati
1157 3131 1245 3201 epu·

269 3225 323 3313 lis,
352 3225 483 3298 discreti
509 3226 694 3314 cubilibus,
721 3223 959 3322 projedliffima
987 3227 1031 3298 ad
1061 3224 1246 3299 libidinem

268 3371 366 3441 gens,
395 3346 581 3416 alienarum
606 3346 793 3418 concubitu
812 3344 1001 3417 abstinent:
1031 3344 1116 3416 inter
1131 3342 1167 3416 se
1188 3346 1246 3417 ni·

270 3465 319 3536 hil
344 3464 524 3536 inlicitum.
573 3463 829 3536 Circumcidere
861 3463 1022 3561 genitalia
1052 3461 1246 3553 instirudre,

269 3605 307 3655 ut
335 3583 528 3656 diversitate
555 3584 746 3655 noscantur.
796 3583 1005 3679 Transgrellr
1039 3583 1074 3654 in
1107 3606 1247 3658 morem

268 3730 403 3791 eorum,
433 3702 526 3774 idem
552 3701 737 3799 usurpant:
767 3702 1041 3798 necquidquam
1068 3701 1159 3797 priirs
1176 3700 1247 3774 im·

270 3823 437 3909 buuntur‚
456 3823 562 3918 quim
581 3842 802 3895 contemnere
818 3822 914 3909 deos,
932 3846 1060 3893 exuere
1078 3821 1247 3916 patriam3

272 3959 442 4034 parentes,
464 3939 604 4030 liberos,
623 3938 751 4032 fratres,
770 3939 850 4013 vilia
867 3943 1003 4014 habere.
1053 3941 1245 4037 Augendae
