3000 5144
401 468 832 568 'Hrsrosrnnou
860 473 968 545 Lrs.
1011 470 1038 543 Ι.
1189 499 1231 570 19

265 647 293 683 “
312 639 360 711 ita
387 665 448 736 per
472 645 581 716 bonas
607 663 695 717 artes
720 646 813 717 haud
836 645 1101 740 spernendum.”
1155 646 1232 718 Cir·

265 758 482 832 cumsteterat
508 761 646 834 interim
674 762 840 858 palatium
858 764 996 858 publica
1011 762 1232 860 exspeslatio,

264 877 383 974 magni
411 877 528 953 secreti
556 879 751 975 impatiens,
785 886 818 954 δι
846 878 936 954 male
965 882 1153 954 co'e‘rcitam
1181 882 1232 954 sa·

264 1020 359 1068 marn
383 995 632 1093 supprimentes
656 1000 842 1094 augebant.

319 1116 451 1187 XVlll.
488 1119 694 1212 annronr
737 1118 819 1189 Idus
860 1118 1056 1211 Januarias,
1098 1118 1234 1190 soedum

264 1230 435 1306 imbribus
452 1233 561 1324 diem,
587 1233 749 1323 tonitrua,
781 1241 813 1308 δι
843 1235 994 1332 fulgura,
1023 1240 1056 1308 &
1083 1235 1233 1311 ¹caelestes

265 1350 368 1422 minae
385 1352 473 1422 ultra
487 1350 638 1441 solitum,
665 1356 895 1426 turbaverant.
944 1351 1170 1427 Observatum
1196 1352 1234 1426 id

263 1469 453 1565 antiquitus
480 1469 628 1542 comitiis
653 1470 870 1561 dirimendis,
899 1497 969 1543 non
998 1470 1116 1542 terruit
1149 1471 1233 1542 Gal·

264 1589 348 1661 barn
377 1588 562 1683 quominus
579 1589 614 1660 in
632 1589 737 1662 castra
754 1610 924 1688 pergeret,
956 1609 1235 1684 contemptorem

239 1706 402 1794 talium,
436 1728 475 1780 ut
500 1707 742 1794 fortuitorum
773 1707 843 1799 seu,
874 1736 951 1804 quae
979 1708 1050 1781 sato
1079 1727 1235 1798 manent,

265 1824 424 1922 quamvis
452 1825 653 1922 significata,
683 1853 754 1899 non
785 1828 984 1900 vitarentur.
1035 1829 1145 1923 Apud
1166 1826 1233 1900 sre-

264 1965 430 2042 quentem
458 1943 610 2016 militum
633 1945 854 2035 concionem,
877 1945 1100 2042 Imperatoris
1121 1945 1237 2018 brevi·

262 2084 346 2152 tate,
379 2063 580 2158 “adoptari
608 2089 628 2136 a
655 2062 687 2136 se
714 2063 888 2155 Pisonem,
920 2090 1017 2138 more
1049 2064 1124 2138 divi
1157 2069 1233 2139 Au·

266 2189 294 2226 “
314 2182 417 2280 gusti,
447 2185 480 2253 δι
498 2185 661 2279 exemplo
678 2183 827 2272 militari,
843 2210 914 2281 quo
932 2184 984 2256 vir
1001 2184 1115 2255 virum
1140 2183 1233 2280 lege·

265 2310 293 2345 “
311 2303 402 2390 ret,”
431 2301 640 2397 pronuntiat.
691 2307 746 2374 Ac
769 2328 812 2375 ne
835 2303 1039 2377 dissrmulata
1060 2300 1181 2374 seditio
1199 2301 1235 2373 in

264 2419 375 2518 majus
391 2422 597 2509 crederetur,
625 2420 718 2492 ultrb
747 2420 936 2511 adseverat,
973 2428 1169 2517 “quartam
1199 2424 1233 2494 δι

266 2548 293 2583 “
312 2539 615 2613 duoetvicesrmam
633 2539 801 2636 legiones,
827 2540 943 2636 paucis
961 2538 1133 2615 seditionis
1150 2564 1231 2612 auc-

263 2666 296 2723 .“
313 2659 459 2747 toribus,
489 2685 560 2730 uon
590 2659 679 2731 ultra
704 2661 809 2732 verba
835 2684 875 2731 ac
905 2683 1007 2731 voces
1032 2660 1167 2744 errasse,
1197 2662 1233 2730 dt

264 2785 293 2821 “
312 2777 409 2850 brevl
426 2777 463 2849 in
479 2777 592 2850 officio
608 2775 714 2850 sore.’'
764 2780 841 2849 Nec
871 2779 983 2850 ullum
1007 2774 1150 2848 orationi
1177 2795 1235 2848 aut

264 2896 474 2970 lenocinium
508 2895 617 2985 addit,
646 2915 705 2967 aut
736 2895 895 2990 pretium.
945 2894 1097 2966 Tribuni
1116 2915 1233 2967 tamen

263 3012 562 3110 centurionesque,
582 3018 615 3091 δι
634 3012 782 3109 proximi
800 3013 964 3101 militum,
992 3033 1087 3110 grata
1114 3013 1234 3085 auditu

260 3133 494 3230 respondent:
529 3160 588 3230 per
619 3153 747 3205 ceteros
781 3131 937 3204 maestitio
971 3157 1010 3203 ac
1045 3131 1233 3220 filenrium,

262 3272 444 3348 tamquam
465 3249 659 3348 usurpatam
689 3251 791 3325 etiarn
818 3251 854 3323 in
880 3276 965 3346 pace
993 3247 1148 3321 donativi
1172 3273 1232 3319 ne-

262 3374 460 3460 ceffitatem,
494 3370 586 3443 bello
618 3369 851 3465 perdidissent.
911 3367 1054 3442 Constat
1086 3366 1233 3462 potuisse

264 3488 438 3564 conciliari
466 3487 601 3561 animos
630 3491 947 3584 quantuliscumque
972 3484 1065 3582 parci
1084 3484 1169 3558 senis
1192 3484 1233 3556 li·

260 3610 449 3687 beralitate.
497 3606 632 3680 Nocuit
661 3598 820 3703 antiquus
850 3606 958 3702 rigor,
983 3609 1015 3678 &
1045 3603 1151 3678 nimia
1183 3602 1231 3676 se·

264 3726 412 3812 veritas;
444 3726 498 3802 cui
516 3725 591 3824 jam
617 3751 714 3823 pares
731 3751 808 3799 non
834 3723 961 3799 sumus.

724 3845 753 3915 C
766 3849 797 3916 ³2
