3000 5144
367 550 1001 629 HrsronrnnonLrn.lll.
1099 574 1165 626 aar

200 731 249 816 rb,
276 746 440 800 temerare
464 728 661 823 potuissent,
687 727 801 800 furore
816 727 1019 823 Principum
1041 726 1171 798 exscin-

201 847 262 919 di!
295 845 431 918 Arserat
458 851 491 917 δι
517 849 593 918 ante
622 847 832 943 Capitolium
860 846 951 918 civili
979 846 1083 933 bello,
1114 844 1171 916 sed

200 964 322 1037 fraude
339 964 493 1060 privata:
521 991 613 1037 nunc
631 968 745 1061 palam
767 962 949 1052 obsessum,
975 965 1091 1061 palam
1119 965 1171 1035 in-

201 1079 366 1155 censum:
395 1084 521 1180 quibus
540 1109 715 1156 armorum
733 1087 866 1156 caufis?
894 1109 964 1179 quo
981 1102 1082 1154 tantae
1100 1085 1170 1155 cla·

200 1202 254 1272 dis
273 1200 381 1297 pretio
398 1201 518 1274 stetit?
548 1227 609 1297 pro
627 1202 733 1298 patris
763 1201 992 1274 bellavimus?
1020 1205 1172 1273 Voverat

200 1320 412 1416 Tarquinius
438 1319 571 1393 Priscus
588 1345 662 1408 rer,
694 1321 787 1392 bello
802 1321 954 1404 Sabin03
973 1318 1172 1416 jeceratque

199 1439 434 1527 fundamenta,
452 1440 511 1535 spe
523 1439 632 1536 magis
644 1437 765 1511 suturae
783 1437 1045 1534 magnitudinis,
1064 1437 1173 1534 quam

200 1558 272 1653 qub
289 1560 436 1630 modicae
452 1559 567 1629 adhuc
585 1558 705 1654 populi
730 1557 882 1630 Romani
901 1583 953 1630 res
970 1557 1171 1630 sufficerent.

200 1679 295 1749 Mox
332 1677 467 1749 Servius
494 1676 644 1766 Tullius,
680 1675 851 1750 sociorum
880 1675 1019 1761 studi03
1046 1675 1173 1749 deinde

199 1794 411 1891 Tarquinius
428 1797 615 1891 Superbus,
642 1799 742 1891 captrl
763 1793 879 1868 suessa
895 1794 1065 1883 Pometirl,
1094 1794 1171 1866 hos-

199 1913 287 1985 tium
305 1913 419 2009 spoliis
437 1915 646 1986 exstruxdre.
695 1914 762 1986 Sed
781 1913 889 2011 gloria
913 1912 1038 2009 operis,
1068 1913 1170 1986 liber·

199 2033 260 2104 tati
278 2032 466 2105 reservata:
495 2034 596 2129 pulsis
614 2032 765 2130 regibus,
790 2031 958 2105 Horatius
986 2032 1170 2124 Pulvillus,

197 2152 322 2223 iterum
338 2152 471 2242 consul,
497 2151 684 2240 dedicavit,
710 2153 749 2223 efi
774 2151 1043 2248 magnificantis,
1063 2178 1171 2248 quam

197 2270 370 2343 immensae
389 2271 504 2368 postea
523 2270 642 2368 populi
660 2269 813 2343 Romani
830 2294 913 2364 opes
928 2289 1088 2342 ornarent
1105 2296 1171 2368 po-

197 2388 278 2478 tius,
306 2392 411 2485 quam
424 2410 597 2487 augerent.
639 2387 762 2461 lisdem
779 2386 888 2461 rursus
903 2388 1053 2487 vestigiis
1070 2394 1171 2464 srtum

198 2507 261 2595 est,
289 2509 468 2604 postquam
487 2507 662 2605 interjesto
691 2532 879 2581 ccccxxv.
900 2533 1069 2581 annorum
1094 2509 1170 2605 spa·

197 2627 259 2714 tio,
287 2630 331 2698 L.
348 2626 522 2723 Scipione,
549 2627 590 2699 C.
612 2628 781 2700 Norbano
805 2626 1014 2715 consulibus,
1044 2632 1169 2725 flagra-

199 2765 305 2816 verat.
354 2746 484 2818 Curam
506 2745 617 2818 vistor
632 2747 727 2817 Sulla
741 2744 897 2842 suscepit,
924 2771 1035 2842 neque
1052 2767 1169 2819 tamen

196 2864 370 2937 dedicavit
387 2893 396 2936 ε
418 2866 486 2937 hoc
502 2863 611 2936 solum
627 2862 777 2937 felicitati
796 2862 866 2960 ejus
883 2884 1057 2961 negatum.
1092 2869 1169 2938 Lu·

196 2984 268 3056 tatii
297 2983 411 3056 Catuli
439 3008 581 3071 nomen,
620 2983 710 3056 inter
736 3003 830 3055 tanta
854 2981 1026 3055 caesarum
1051 3009 1169 3080 opera,

194 3102 361 3199 usquead
379 3101 557 3175 Vitellium
582 3105 713 3174 mansit.
764 3106 815 3176 Ea
832 3120 914 3175 tunc
933 3103 1022 3176 aedes
1036 3127 1168 3177 crema·

197 3225 309 3294 batur.

242 3341 414 3414 LXXlll.
439 3341 513 3411 Sno
544 3342 620 3436 plus
645 3340 783 3436 pavoris
805 3339 950 3428 obseffis,
974 3341 1080 3437 quim
1104 3343 1168 3414 ob·

196 3459 371 3532 sessoribus
389 3460 512 3532 intulit.
553 3461 696 3556 Qippe
707 3458 908 3531 Vitellianus
925 3459 1037 3547 miles,
1055 3485 1169 3556 neque
1268 3490 1272 3499 ·

195 3578 281 3666 astu,
307 3604 421 3675 neque
433 3579 635 3667 constantia,
655 3579 741 3650 inter
756 3578 863 3649 dubia
879 3577 1067 3673 indigebat.
1110 3581 1168 3651 Ex

195 3696 329 3769 diverso
347 3697 472 3794 trepidi
487 3698 625 3787 milites,
645 3700 719 3770 dux
731 3697 855 3794 segnis,
874 3702 907 3768 δι
925 3697 1032 3769 veluti
1048 3719 1167 3794 captus

196 3816 317 3903 animi,
344 3842 412 3887 non
441 3816 572 3913 lingula,
602 3843 674 3887 non
702 3816 838 3888 auribus
855 3835 1074 3911 competere:
1106 3843 1166 3891 ne·

196 3960 263 4031 que
275 3935 390 4009 alienis
409 3935 554 4008 consiliis
570 3935 656 4032 regi,
687 3960 801 4031 neque
816 3934 872 4007 sua
888 3934 1073 4031 expedire:
1097 3938 1166 4010 huc
