3000 5144
324 606 371 671 24
556 582 1063 657 C.Conurt11Tnc1r1

319 778 457 848 agrum,
484 754 539 826 sud
566 756 712 850 pecunia
731 779 903 852 emptum,
931 761 1026 829 dono
1050 756 1199 829 dederit:
1230 781 1292 852 per

320 870 510 942 socordiam
534 872 697 968 praesedi,
727 901 832 970 quem
850 895 933 948 nota
950 875 1073 971 pariter
1094 879 1128 947 δι
1152 875 1291 947 occulta

322 986 498 1060 fallebant.

368 1109 486 1178 XXV.
511 1110 585 1180 Stra
613 1130 690 1182 tum
717 1136 737 1183 e
766 1111 894 1184 libertis
915 1111 1146 1184 Onomastum
1171 1110 1290 1183 futuro

320 1224 435 1296 sceleri
454 1226 621 1320 profecit,
648 1254 668 1300 a
694 1256 765 1326 quo
782 1229 946 1301 Barbium
963 1231 1167 1318 Proculum,
1191 1232 1289 1301 tesse-

321 1343 447 1415 rarium
471 1342 736 1440 speculatorum,
760 1353 793 1419 &
822 1346 1017 1437 Veturium,
1035 1347 1213 1443 optionem
1230 1373 1289 1419 eo·

319 1465 494 1551 rumdem,
523 1465 717 1559 perductos,
736 1464 919 1560 postquam
936 1465 1031 1536 vario
1049 1465 1201 1537 sermone
1218 1467 1288 1537 cal·

321 1581 411 1652 lidos
443 1581 657 1675 audacesque
683 1583 860 1678 cognovit,
892 1582 1015 1679 preti0,
1047 1588 1080 1655 a
1123 1583 1290 1679 promissrs

321 1720 455 1786 onerat,
473 1700 552 1769 data
569 1699 712 1794 pecunia
728 1702 773 1772 ad
790 1703 1030 1796 pertentandos
1050 1701 1202 1797 plurium
1216 1702 1288 1774 ani·

287 1912 291 1919 Δ
322 1842 409 1888 mos.
460 1815 643 1911 Suscepdre
665 1819 736 1890 duo
766 1819 992 1915 manipulares
1014 1819 1198 1914 imperium
1226 1846 1289 1916 po·

322 1934 396 2030 puli
415 1935 567 2007 Romani
587 1935 872 2024 transferendum,
899 1941 932 2009 ἃ
950 1937 1202 2010 transtulerunt.
1248 1941 1289 2010 In

322 2053 563 2126 conscientiam
583 2053 740 2126 facinoris
760 2053 859 2150 pauci
877 2054 1013 2126 adsciti:
1046 2055 1217 2151 suspensos
1233 2082 1291 2128 ce·

295 2192 477 2244 .terorum
506 2173 640 2243 animos
668 2173 806 2244 diversis
842 2171 971 2244 artibus
999 2173 1192 2246 stimulant:
1217 2173 1289 2268 pri-

322 2317 435 2365 mores
453 2291 616 2377 militum,
644 2298 671 2332 “
686 2315 747 2385 per
764 2289 928 2362 beneficia
945 2289 1156 2385 Nymphidii
1171 2311 1209 2362 ut
1223 2289 1290 2363 sus-

324 2418 352 2453 “
372 2413 487 2505 pedus
502 2411 538 2479 :”
560 2410 687 2505 vulgus
709 2413 742 2479 ἃ
761 2429 905 2497 ceteros,
928 2408 975 2480 ira
996 2412 1030 2480 δι
1059 2407 1290 2505 desperatione

325 2526 467 2598 “dilati
501 2526 625 2597 totiens
651 2526 851 2598 donativi:''
887 2547 980 2598 erant
1010 2553 1097 2623 quos
1125 2526 1290 2600 memoria

320 2646 485 2732 Neronis,
504 2671 542 2717 ac
561 2645 765 2718 desiderium
781 2644 899 2739 prioris
915 2645 1058 2716 licentiae
1067 2646 1287 2717 accenderet:

322 2765 359 2837 in
377 2788 565 2837 commune
577 2788 698 2835 omnes
719 2784 814 2835 metu
840 2763 1014 2834 mutandae
1036 2762 1167 2835 militiae
1183 2782 1288 2836 terre·

324 2885 461 2956 bantur.
1113 2868 1117 2878 ¹

370 3003 699 3101 XXVI.Iarrc1r
728 3025 768 3072 ea
791 3002 885 3073 tabes
919 3000 1095 3097 legionum
1132 3028 1287 3099 quoque,

322 3119 587 3193 &auxiliorum
608 3141 716 3192 motas
736 3118 811 3215 jam
836 3139 980 3210 mentes,
1009 3120 1188 3215 postquam
1212 3125 1288 3195 vul-

323 3260 445 3339 gatum
462 3261 531 3316 erat
561 3241 718 3313 “labare
743 3237 939 3311 Germanici
961 3238 1131 3311 exercitds
1148 3242 1291 3314 fidem.'’

323 3360 496 3455 Adeoque
522 3380 635 3454 parata
656 3360 748 3454 apud
773 3360 881 3431 malos
909 3357 1041 3446 sediti0,
1067 3357 1170 3431 etiam
1195 3361 1286 3454 apud

324 3476 476 3574 integros
500 3476 717 3550 diffimulatio
740 3474 817 3566 suit,
843 3497 881 3548 ut
906 3475 1042 3572 postero
1066 3478 1192 3548 Iduum
1217 3478 1287 3567 die,

291 3613 294 3620 '
322 3596 525 3667 redeuntem
549 3622 569 3667 a
592 3599 686 3668 cana
703 3598 881 3668 Othonem
905 3596 1033 3692 rapturi
1060 3594 1196 3684 fuerint,
1230 3595 1290 3669 nist

321 3712 450 3783 incerta
468 3713 591 3801 nouis,
610 3718 644 3786 &
662 3716 733 3788 tota
750 3717 848 3787 Urbe
869 3714 975 3811 sparsa
1000 3713 1150 3786 militum
1170 3714 1287 3804 castra,

321 3854 385 3901 nec
417 3830 552 3902 facilem
588 3831 677 3903 inter
716 3835 922 3904 temulentos
950 3831 1149 3906 consensum
1182 3833 1288 3904 timu·

318 3947 434 4023 issent:
459 3947 845 4047 nonreipublicaecura,
871 3976 977 4047 quam
999 3950 1131 4028 foedare
1153 3951 1285 4042 Princi-
