3000 5144
430 470 818 543 Hrsronrnnum
855 470 963 543 Lrn.
1001 472 1063 542 IV.
1162 496 1230 570 305

259 655 287 693 “
305 647 445 739 vitium,
472 654 506 724 δι
518 651 792 726 dominationem
809 653 869 726 fibi
881 651 1093 749 concupivit,
1111 671 1150 725 ut
1162 679 1232 725 non

262 775 290 809 “
308 771 429 841 eadem
448 770 510 842 ista
528 773 697 844 vocabula
712 772 918 867 usurparet.’'

306 888 477 960 LXXIV.
506 896 535 930 “
554 894 697 963 Reonn
723 893 884 987 bellaque
907 916 968 987 per
989 890 1117 962 Gallias
1142 888 1229 962 sem-

261 1010 368 1100 “per
391 1006 498 1097 fuere,
525 1010 638 1080 donec
668 1008 704 1080 in
730 1010 884 1081 nostrum
907 1006 964 1103 jus
988 1008 1230 1080 concederetis.

261 1129 288 1216 ‘.‘
307 1127 397 1212 Nos,
426 1152 640 1222 quamquam
661 1127 784 1199 totiens
812 1126 960 1214 laceffiti,
980 1124 1056 1221 jure
1079 1125 1231 1199 vietoriae

262 1241 340 1312 “id
369 1242 482 1316 solum
506 1245 606 1317 vobis
631 1246 842 1335 addidimus,
870 1271 941 1340 quo
970 1270 1092 1340 pacem
1119 1265 1230 1317 tuere·

261 1367 289 1402 “
307 1387 395 1432 mur.
446 1365 541 1434 Nam
567 1389 680 1458 neque
704 1363 801 1459 quies
820 1362 991 1460 gentium,
1023 1366 1090 1433 fine
1106 1363 1231 1448 armis;

156 1478 162 1491 ’
262 1488 421 1575 “neque
444 1508 554 1571 arma,
589 1486 655 1554 fine
682 1482 880 1577 stipendiis3
914 1505 1025 1577 neque
1051 1481 1231 1577 stipendia,

262 1606 288 1641 “
307 1603 374 1671 sine
389 1601 523 1672 tributis
540 1601 658 1673 baberi
676 1621 818 1696 queunt.
867 1600 988 1671 Cetera
1005 1598 1040 1670 in
1053 1603 1232 1673 communi

262 1725 288 1760 “
308 1722 365 1791 fita
399 1718 485 1791 sunt.
541 1723 607 1816 lpsr
641 1721 845 1815 plerumque
884 1716 1078 1814 legionibus
1114 1719 1234 1792 nostris

263 1845 291 1880 “
312 1839 518 1934 praesidetis:
547 1839 608 1933 ipsi
634 1840 694 1910 has
720 1836 867 1932 aliasque
885 1835 1079 1931 provincias
1104 1838 1232 1934 regitis.
1272 1840 1275 1845 ’

262 1963 290 2001 “
310 1958 410 2031 Nihil
443 1957 647 2054 separatum,
683 1955 890 2029 clausumve.
942 1958 987 2026 Et
1016 1958 1233 2031 laudatorum

262 2082 288 2118 “
306 2076 509 2172 Principum
527 2076 603 2149 usus
621 2102 665 2148 ex
677 2101 792 2172 aequ0,
810 2075 971 2172 quamvis
990 2076 1107 2171 procul
1125 2102 1232 2173 agen·

262 2201 289 2237 “
307 2196 423 2268 tibus:
455 2195 534 2268 saevi
554 2195 718 2292 proximis
736 2194 912 2292 ingruunt.
961 2198 1151 2290 Qomodo
1167 2197 1232 2268 lle·

262 2321 290 2358 “
307 2315 482 2404 rilitatem,
507 2333 566 2387 aut
587 2314 712 2386 nimios
739 2314 881 2402 imbres,
913 2317 946 2385 δι
973 2336 1083 2387 cetera
1106 2337 1233 2389 naturae

263 2440 290 2476 “
308 2436 422 2518 mala3
460 2413 672 2522 iu'luxum,
698 2436 754 2506 vel
777 2433 952 2505 avaritiam
980 2433 1235 2509 dominantium

264 2559 291 2594 “
310 2555 462 2625 tolerate.
512 2552 604 2625 Vitia
620 2573 730 2640 erunt,
756 2555 867 2625 donec
884 2553 1065 2626 homines:
1093 2552 1149 2626 sed
1174 2580 1233 2626 ne·

265 2679 293 2715 “
312 2697 380 2768 que
398 2673 472 2745 haec
487 2671 663 2759 continua,
688 2676 721 2743 δι
739 2672 924 2743 meliorum
938 2670 1130 2745 interventu
1150 2701 1233 2768 pen-

161 2797 165 2805 '
264 2799 291 2834 “
308 2790 447 2865 santur:
472 2791 531 2862 nisi
548 2790 634 2862 forte
647 2790 827 2863 Tutore&
840 2791 985 2861 Clallrco
999 2791 1233 2886 regnantibus,

264 2911 520 2984 “moderatius
545 2910 729 3006 imperium
758 2907 914 3004 speratis3
945 2930 1003 2981 aut
1032 2909 1235 3001 minoribus,

265 3037 292 3073 “
311 3032 417 3127 quam
436 3056 541 3119 nunc,
565 3029 698 3102 tributis
724 3031 933 3125 parabuntur
950 3028 1132 3116 exercitus,
1159 3030 1234 3127 qui-

264 3156 291 3192 “
311 3152 373 3221 bus
391 3149 556 3221 Germani
573 3148 793 3244 Britannique
809 3168 995 3220 arceantur.
1045 3150 1140 3219 Nam
1159 3151 1236 3243 pul-

266 3274 293 3310 “
311 3271 364 3357 fis,
392 3269 506 3364 (quod
523 3266 573 3339 dii
592 3268 815 3363 prohibeant)
835 3267 1017 3356 Romanis,
1033 3267 1116 3362 quid
1130 3269 1236 3356 aliud,

267 3395 293 3431 “
312 3389 420 3484 quiam
439 3388 528 3458 bella
545 3387 703 3459 omnium
721 3386 807 3458 inter
828 3385 860 3458 se
878 3387 1033 3483 gentium
1051 3387 1235 3458 exfistent?

266 3513 294 3548 “
311 3506 603 3603 Oilingentorum
632 3531 801 3577 annorum
831 3505 968 3577 fortuna
995 3504 1241 3602 disciplinzique

267 3633 294 3671 “
313 3650 499 3721 compages
516 3626 591 3696 haec
615 3625 766 3708 coaluit;
791 3650 868 3720 quae
893 3624 1056 3712 convelli,
1090 3628 1157 3697 fine
1178 3651 1239 3697 ex-

267 3749 295 3787 “
313 3743 372 3815 itio
389 3741 672 3832 convellentium,
691 3769 764 3815 non
778 3742 897 3837 potest.
941 3745 1006 3814 Sed
1024 3743 1122 3815 vobis
1141 3770 1240 3817 max-

270 3863 426 3938 “imum
449 3861 644 3952 discrimen,
682 3887 786 3959 penes
817 3886 905 3958 quos
933 3886 1055 3935 aurum
1083 3868 1115 3937 &
1144 3889 1241 3961 opes,
