3000 5144
279 484 347 579 176
477 473 1066 556 cconussn'rrcm

273 652 510 726 “Othoniani
535 655 706 729 exercitiis
738 657 859 746 robur,
893 654 1082 751 primanos,
1108 669 1245 749 quarta·

274 778 304 815 “
321 771 612 871 decimanosque:
640 800 727 872 quos
752 795 869 847 tamen
895 771 1014 845 iisdem
1030 770 1096 843 illis
1113 771 1248 869 campis

272 897 301 933 “
319 890 472 963 fuderint
488 892 749 990 straverintque,
772 913 810 964 ut
829 911 881 964 tot
897 910 1107 964 armatorum
1123 890 1246 982 millia,

271 1011 414 1082 “velut
442 1036 528 1108 grex
556 1013 745 1102 venalium,
779 1010 888 1084 exsuli
924 1009 1083 1082 Antonio
1110 1009 1247 1083 donum

270 1134 299 1171 “
316 1130 490 1203 darentur.
538 1132 632 1203 Odo
647 1130 812 1204 nimirum
831 1129 983 1227 legiones
1008 1128 1110 1201 unius
1137 1129 1246 1201 claffrs

270 1253 300 1291 “
315 1252 540 1323 accesfionem
563 1248 648 1324 sore,
696 1250 738 1322 Id
753 1251 866 1338 Ballb,
891 1248 928 1320 id
946 1247 1094 1321 Caecinae
1116 1246 1243 1339 visum,

268 1374 298 1410 “
316 1368 502 1466 postquam
518 1370 657 1461 domos,
687 1371 816 1458 hortos,
835 1392 932 1466 opes,
958 1365 1110 1463 Principi
1128 1367 1243 1440 abstu-

268 1494 297 1530 “
316 1487 430 1578 lerint,
456 1488 561 1561 etiam
584 1487 752 1562 militibus
769 1487 965 1585 Principem
990 1483 1136 1574 auferre,
1163 1484 1243 1559 licet

268 1613 297 1649 “
314 1607 467 1705 integros
484 1605 759 1703 incruentosque,
788 1607 960 1679 Flavianis
978 1629 1119 1702 quoque
1136 1603 1241 1701 parti·

269 1733 297 1769 “
316 1728 381 1799 bus
418 1725 515 1798 viles.
563 1725 660 1824 Qud
701 1726 852 1800 disturos
887 1724 1143 1822 reposcentibus
1180 1744 1241 1798 aut

267 1852 297 1889 “
315 1844 485 1943 prospera,
511 1866 570 1919 aut
591 1845 730 1919 adversa
745 1847 785 1918 ?''

211 1956 213 1961 ’
314 1967 414 2038 XIV.
441 1968 544 2039 Hinc
564 1965 699 2063 singuli,
729 1967 805 2038 haec
821 1964 982 2055 univerfi,
1008 1984 1047 2038 ut
1063 1989 1239 2063 quemque

264 2085 366 2157 dolor
388 2084 586 2181 impulerat,
611 2081 853 2176 vociferantes,
882 2083 980 2156 initio
1004 2111 1025 2157 a
1050 2084 1170 2182 quinta
1190 2086 1239 2156 le·

265 2204 371 2301 gione
399 2222 493 2292 orto,
531 2203 685 2300 repofitis
711 2204 837 2278 Vitellii
870 2204 1092 2303 imaginibus,
1122 2206 1239 2277 vincla

263 2322 414 2396 Caecinae
431 2321 609 2419 injiciunt:
636 2323 786 2397 Fabium
810 2325 1011 2414 Fabullum,
1042 2324 1172 2422 quintae
1188 2327 1237 2397 le·

263 2441 377 2541 gionis
405 2445 570 2539 legatum,
601 2448 634 2516 &
652 2445 802 2516 Caffium
825 2445 1008 2541 Longum,
1037 2441 1239 2538 praefeetum

263 2561 464 2652 castrorum,
494 2562 600 2635 duces
630 2560 814 2661 deligunt:
850 2560 938 2634 sorte
970 2563 1103 2634 oblatos
1131 2562 1237 2636 trium

263 2681 513 2755 liburnicarum
546 2680 685 2771 milites,
719 2681 918 2780 ignaros&
949 2680 1095 2753 insontes
1128 2682 1233 2755 truci-

261 2804 365 2875 dant:
394 2800 518 2874 relislis
548 2801 675 2890 castris,
709 2805 860 2899 abrupto
893 2821 1011 2898 ponte,
1045 2801 1237 2874 Hostiliam

260 2919 387 3009 rursus,
420 2920 502 2993 inde
537 2921 746 2992 Cremonam
779 2940 940 3018 pergunt,
973 2941 1011 2992 ut
1040 2919 1235 3016 legionibus

261 3038 383 3136 primae
399 3039 525 3112 Italicae
554 3044 587 3112 ar
605 3039 868 3126 unietvicesrmae
886 3038 1019 3136 Rapaci
1042 3037 1233 3136 jungeren-

260 3178 334 3230 tur:
374 3183 458 3255 quas
482 3158 634 3248 Cae‘cina,
676 3160 720 3231 ad
752 3159 979 3231 obtinendam
1006 3160 1232 3249 Cremonam,

261 3303 343 3351 cum
360 3298 454 3374 parte
465 3278 623 3375 equitum
641 3277 855 3375 praemiserat.

309 3399 390 3470 XV.
408 3399 486 3469 Unr
501 3399 575 3470 haec
592 3417 769 3493 comperta
782 3397 952 3487 Antonio,
969 3397 1140 3469 discordes
1158 3397 1230 3468 ani·

260 3515 340 3605 mis,
373 3514 534 3588 discretos
561 3515 690 3590 viribus
719 3516 868 3588 hostium
896 3517 1063 3588 exercitus
1085 3517 1254 3614 adgredi.

259 3635 385 3724 statuit,
411 3656 597 3731 antequam
631 3634 779 3707 ducibus
802 3636 995 3725 austoritas,
1030 3635 1132 3706 militi
1165 3638 1229 3708 ob-

259 3752 430 3848 sequium,
464 3758 498 3826 &
531 3753 659 3852 junslis
692 3753 885 3850 legionibus
925 3754 1053 3827 fiducia
1084 3754 1228 3827 rediret:

261 3894 413 3966 namque
438 3871 585 3947 Fabium
603 3873 800 3965 Valentem,
829 3872 1022 3971 profestum
1047 3876 1093 3948 ab
1113 3876 1229 3964 Urbe,
