3000 5144
259 616 331 699 262
464 612 505 685 C.
538 613 809 686 Conuarrr
842 612 1051 689 Tncrrr

260 785 327 872 lus,
354 782 510 878 misitque
530 780 676 855 subsidio
699 784 888 855 cohortem.
939 784 1075 856 Aulius
1092 784 1125 854 δι
1145 780 1236 855 Οεῐὲ

260 927 444 975 manorum
476 924 652 988 numerus,
688 902 937 999 paullatimque
964 899 1237 999 aggregantibua

260 1018 293 1092 se
317 1020 464 1105 auxiliis,
489 1020 560 1092 acie
577 1040 754 1091 certaturn.
804 1021 984 1109 Germani,
1013 1021 1124 1093 multi
1151 1042 1237 1091 cum

259 1139 372 1235 strage
391 1137 597 1223 nostrorum,
628 1162 751 1209 narem
768 1138 952 1234 abripiunt.
999 1138 1091 1210 vieti
1118 1136 1237 1233 (quod

260 1277 337 1329 tum
360 1256 395 1328 in
414 1282 548 1328 morem
574 1259 740 1349 verterat)
760 1283 828 1328 non
847 1256 940 1330 suam
959 1255 1151 1354 ignaviam,
1177 1254 1238 1329 sed

261 1376 443 1476 perfidiam
461 1374 565 1470 legati
588 1377 785 1469 culpabant.
835 1378 1054 1448 Protraslum
1075 1400 1095 1447 e
1121 1394 1238 1447 tento·

263 1497 328 1584 riu,
354 1494 448 1567 scissa
467 1494 573 1580 reste,
593 1497 773 1566 verberato
788 1519 945 1590 corpore,
974 1503 1001 1537 “
1020 1518 1092 1590 quo
1108 1491 1236 1589 pretio,

261 1622 290 1657 “
311 1614 436 1709 quibus
462 1611 614 1700 consciis,
640 1612 839 1708 prodidisset
862 1613 1095 1701 exercitum,'’
1119 1611 1238 1685 dicere

256 1731 393 1829 jubent.
452 1730 558 1803 Redit
583 1730 617 1800 in
653 1730 896 1803 Hordeonium
929 1730 1069 1804 invidia.
1126 1732 1237 1805 Illum

262 1858 291 1893 “
308 1852 484 1922 auslorem
501 1847 669 1936 sceleris,”
687 1851 780 1922 hunc
799 1858 825 1892 ‘⁴
846 1850 1064 1923 ministrum’'
1076 1868 1234 1922 vocant:

259 1971 372 2041 donec
401 1968 545 2041 exitium
573 1967 812 2041 minitantibus
844 1969 1039 2058 exterritus,
1071 1975 1098 2010 “
1117 1966 1237 2065 prodi-

263 2097 291 2131 “
310 2088 466 2160 tionen1’'
484 2092 516 2159 δι
535 2085 603 2182 ipse
617 2086 825 2159 Hordeonio
841 2085 990 2183 objecit:
1017 2083 1237 2181 rindlusque,

262 2208 414 2279 adventu
441 2205 586 2276 demum
614 2207 757 2277 Voculae
791 2203 992 2277 exsolvitur.
1043 2208 1076 2277 Is
1103 2202 1238 2301 poster&

261 2325 332 2412 die,
359 2324 512 2394 auc‘lores
535 2320 707 2395 seditionis
730 2346 839 2396 morte
860 2322 999 2396 adfecit.
1047 2324 1164 2395 Tanta
1184 2322 1238 2399 illi

261 2439 426 2514 exercitui
453 2439 627 2512 diversitas
656 2440 766 2514 inerat
795 2442 955 2531 licentiae,
979 2441 1237 2539 patientiaque.

263 2562 374 2637 Haud
392 2559 497 2632 dubie
522 2559 695 2657 gregarius
713 2560 823 2649 miles,
838 2561 977 2633 Vitellio
994 2562 1103 2633 sidus:
1122 2559 1238 2657 splen-

259 2678 450 2753 didissimus
475 2678 632 2776 quisque,
665 2677 701 2751 in
731 2678 973 2774 Vespasianum
999 2679 1119 2775 proni:
1151 2679 1237 2755 inde

260 2798 425 2873 scelerum
452 2826 492 2872 ac
515 2798 761 2895 suppliciorum
788 2798 892 2889 vices,
922 2804 955 2872 dc
983 2799 1113 2872 mixtus
1135 2796 1237 2871 obse·

262 2920 346 3015 quio
371 2917 486 2991 sutor:
518 2940 555 2989 ut
582 2917 749 2989 contineri
777 2943 847 2989 non
874 2920 1019 3013 pollent,
1042 2916 1103 3014 qui
1120 2917 1238 3014 puniri

263 3059 431 3134 poterant.

309 3158 476 3229 XXVIII.
503 3160 562 3226 Ar
594 3153 742 3226 Civilem
776 3153 948 3226 immensu
977 3155 1134 3228 auctibus
1159 3156 1238 3228 uni·

261 3275 354 3348 versa
385 3273 574 3346 Germania
599 3275 800 3360 extollebat,
831 3272 989 3345 societate
1023 3273 1238 3349 nobilissimis

261 3396 420 3467 obsidum
454 3394 597 3463 firmati.
659 3393 734 3479 Ille,
772 3412 812 3463 ut
847 3392 974 3488 cuique
1017 3393 1237 3488 proximum,

263 3518 290 3556 “
309 3512 426 3584 vastari
444 3510 558 3615 Ubioq
570 3509 818 3606 Treverosque,
837 3512 873 3580 δε
890 3511 953 3583 alid
971 3537 1077 3583 manu
1093 3511 1236 3585 Mosam

261 3640 289 3673 “
309 3656 446 3702 amnem
470 3632 630 3700 transire''
640 3628 752 3725 jubet,
781 3636 808 3670 “
826 3649 864 3701 ut
881 3630 1070 3724 Menapios
1096 3636 1129 3702 δι
1147 3634 1236 3702 Μο-

261 3759 288 3795 “
309 3751 400 3821 rinos
433 3753 465 3818 ἃ
495 3768 650 3819 extrema
676 3749 867 3820 Galliarum
895 3751 1085 3845 quateret.''
1135 3752 1235 3823 Aetae

260 3867 444 3962 utrobique
469 3867 618 3961 praedae3
648 3863 801 3937 insestilrs
826 3866 860 3937 in
884 3867 1002 3953 Ubiis,
1026 3867 1122 3962 quod
1148 3893 1236 3964 gens

259 3982 472 4057 Germanicae
494 3983 652 4081 originis,
681 3980 810 4078 ejurata
835 3984 958 4080 patriai,
985 3989 1234 4059 Romanorum
