<?xml version="1.0" encoding="UTF-8"?>
<!DOCTYPE html PUBLIC "-//W3C//DTD XHTML 1.0 Transitional//EN"
    "http://www.w3.org/TR/xhtml1/DTD/xhtml1-transitional.dtd">
<html xmlns="http://www.w3.org/1999/xhtml" xml:lang="en" lang="en">
 <head>
  <title>
</title>
<meta http-equiv="Content-Type" content="text/html;charset=utf-8" />
  <meta name='ocr-system' content='tesseract 3.04.00' />
  <meta name='ocr-capabilities' content='ocr_page ocr_carea ocr_par ocr_line ocrx_word'/>
</head>
<body>
  <div class='ocr_page' id='page_1' title='image "./ccorneliitaciti02ernegoog_0108.png"; bbox 0 0 3000 5144; ppageno 0'>
   <div class='ocr_carea' id='block_1_1' title="bbox 374 564 1161 672">
    <p class='ocr_par' dir='ltr' id='par_1_1' title="bbox 374 564 1161 672">
     <span class='ocr_line' id='line_1_1' title="bbox 374 564 1161 672; baseline 0.005 -32"><span class='ocrx_word' id='word_1_1' title='bbox 374 564 762 642; x_wconf 72' lang='lat' dir='ltr'>Hrsronrnnuu</span> <span class='ocrx_word' id='word_1_2' title='bbox 798 569 906 643; x_wconf 83' lang='lat' dir='ltr'>Lrn.</span> <span class='ocrx_word' id='word_1_3' title='bbox 947 568 993 643; x_wconf 90' lang='grc' dir='ltr'>ΙΙ.</span> <span class='ocrx_word' id='word_1_4' title='bbox 1115 597 1161 672; x_wconf 88' lang='lat'>99</span> 
     </span>
    </p>
   </div>
   <div class='ocr_carea' id='block_1_2' title="bbox 184 730 1233 4151">
    <p class='ocr_par' dir='ltr' id='par_1_2' title="bbox 184 730 1233 3078">
     <span class='ocr_line' id='line_1_2' title="bbox 186 730 1163 836; baseline 0.001 -28"><span class='ocrx_word' id='word_1_5' title='bbox 186 730 274 809; x_wconf 73' lang='lat' dir='ltr'>lesia</span> <span class='ocrx_word' id='word_1_6' title='bbox 304 753 365 809; x_wconf 91' lang='lat' dir='ltr'>aut</span> <span class='ocrx_word' id='word_1_7' title='bbox 395 762 471 809; x_wconf 83' lang='lat' dir='ltr'>aevo</span> <span class='ocrx_word' id='word_1_8' title='bbox 499 739 595 811; x_wconf 87' lang='lat' dir='ltr'>fluxa</span> <span class='ocrx_word' id='word_1_9' title='bbox 620 738 777 811; x_wconf 91' lang='lat' dir='ltr'>cominus</span> <span class='ocrx_word' id='word_1_10' title='bbox 800 739 966 836; x_wconf 85' lang='lat' dir='ltr'>adgredi:</span> <span class='ocrx_word' id='word_1_11' title='bbox 1000 736 1163 835; x_wconf 91' lang='lat' dir='ltr'>ingerunt</span> 
     </span>
     <span class='ocr_line' id='line_1_3' title="bbox 185 855 1163 955; baseline 0.001 -27"><span class='ocrx_word' id='word_1_12' title='bbox 185 855 331 952; x_wconf 88' lang='lat' dir='ltr'><strong>desuper</strong></span> <span class='ocrx_word' id='word_1_13' title='bbox 357 855 546 929; x_wconf 83' lang='lat' dir='ltr'>Othoniani</span> <span class='ocrx_word' id='word_1_14' title='bbox 580 856 664 953; x_wconf 91' lang='lat' dir='ltr'>pila,</span> <span class='ocrx_word' id='word_1_15' title='bbox 700 857 823 930; x_wconf 90' lang='lat' dir='ltr'>librato</span> <span class='ocrx_word' id='word_1_16' title='bbox 856 857 967 955; x_wconf 88' lang='lat' dir='ltr'>magis</span> <span class='ocrx_word' id='word_1_17' title='bbox 1000 861 1032 929; x_wconf 76' lang='grc' dir='ltr'>δι</span> <span class='ocrx_word' id='word_1_18' title='bbox 1069 876 1163 930; x_wconf 91' lang='lat' dir='ltr'>certo</span> 
     </span>
     <span class='ocr_line' id='line_1_4' title="bbox 184 973 1161 1063; baseline 0.002 -17"><span class='ocrx_word' id='word_1_19' title='bbox 184 973 268 1063; x_wconf 63' lang='lat' dir='ltr'>istu,</span> <span class='ocrx_word' id='word_1_20' title='bbox 298 975 461 1049; x_wconf 77' lang='lat' dir='ltr'>adversus</span> <span class='ocrx_word' id='word_1_21' title='bbox 483 997 612 1049; x_wconf 91' lang='lat' dir='ltr'>temere</span> <span class='ocrx_word' id='word_1_22' title='bbox 628 974 810 1049; x_wconf 89' lang='lat' dir='ltr'>subeuntes</span> <span class='ocrx_word' id='word_1_23' title='bbox 837 978 993 1049; x_wconf 86' lang='lat' dir='ltr'>cohortes</span> <span class='ocrx_word' id='word_1_24' title='bbox 1017 977 1161 1048; x_wconf 88' lang='lat' dir='ltr'>Germa·</span> 
     </span>
     <span class='ocr_line' id='line_1_5' title="bbox 186 1094 1160 1192; baseline 0.001 -27"><span class='ocrx_word' id='word_1_25' title='bbox 186 1118 327 1182; x_wconf 90' lang='lat' dir='ltr'>norum,</span> <span class='ocrx_word' id='word_1_26' title='bbox 353 1114 455 1167; x_wconf 92' lang='lat' dir='ltr'>cantu</span> <span class='ocrx_word' id='word_1_27' title='bbox 484 1096 587 1184; x_wconf 88' lang='lat' dir='ltr'>truci,</span> <span class='ocrx_word' id='word_1_28' title='bbox 612 1102 646 1167; x_wconf 73' lang='grc' dir='ltr'>δι</span> <span class='ocrx_word' id='word_1_29' title='bbox 676 1120 772 1167; x_wconf 90' lang='lat' dir='ltr'>more</span> <span class='ocrx_word' id='word_1_30' title='bbox 799 1095 925 1192; x_wconf 89' lang='lat' dir='ltr'>patrio,</span> <span class='ocrx_word' id='word_1_31' title='bbox 960 1094 1060 1166; x_wconf 86' lang='lat' dir='ltr'>nudis</span> <span class='ocrx_word' id='word_1_32' title='bbox 1087 1120 1160 1168; x_wconf 92' lang='lat' dir='ltr'>cor-</span> 
     </span>
     <span class='ocr_line' id='line_1_6' title="bbox 186 1210 1163 1311; baseline 0.003 -28"><span class='ocrx_word' id='word_1_33' title='bbox 186 1210 344 1309; x_wconf 88' lang='lat' dir='ltr'>poribus,</span> <span class='ocrx_word' id='word_1_34' title='bbox 361 1210 460 1309; x_wconf 93' lang='lat' dir='ltr'>super</span> <span class='ocrx_word' id='word_1_35' title='bbox 476 1215 636 1288; x_wconf 86' lang='lat' dir='ltr'>humeros</span> <span class='ocrx_word' id='word_1_36' title='bbox 653 1215 746 1287; x_wconf 90' lang='lat' dir='ltr'>scuta</span> <span class='ocrx_word' id='word_1_37' title='bbox 757 1212 995 1311; x_wconf 84' lang='lat' dir='ltr'>quatientium.</span> <span class='ocrx_word' id='word_1_38' title='bbox 1031 1212 1163 1310; x_wconf 90' lang='lat' dir='ltr'>Legio-</span> 
     </span>
     <span class='ocr_line' id='line_1_7' title="bbox 187 1330 1163 1429; baseline 0.002 -26"><span class='ocrx_word' id='word_1_39' title='bbox 187 1331 318 1421; x_wconf 88' lang='lat' dir='ltr'>narius,</span> <span class='ocrx_word' id='word_1_40' title='bbox 347 1333 471 1429; x_wconf 89' lang='lat' dir='ltr'>pluteis</span> <span class='ocrx_word' id='word_1_41' title='bbox 497 1334 701 1407; x_wconf 87' lang='lat' dir='ltr'>&amp;cratibus</span> <span class='ocrx_word' id='word_1_42' title='bbox 726 1335 847 1422; x_wconf 69' lang='lat' dir='ltr'>tectus,</span> <span class='ocrx_word' id='word_1_43' title='bbox 875 1330 1006 1405; x_wconf 93' lang='lat' dir='ltr'>subruit</span> <span class='ocrx_word' id='word_1_44' title='bbox 1030 1357 1163 1422; x_wconf 89' lang='lat' dir='ltr'>muros,</span> 
     </span>
     <span class='ocr_line' id='line_1_8' title="bbox 188 1449 1164 1549; baseline 0.003 -28"><span class='ocrx_word' id='word_1_45' title='bbox 188 1449 323 1522; x_wconf 91' lang='lat' dir='ltr'>instruit</span> <span class='ocrx_word' id='word_1_46' title='bbox 347 1477 526 1548; x_wconf 85' lang='lat' dir='ltr'>aggerem,</span> <span class='ocrx_word' id='word_1_47' title='bbox 554 1452 695 1524; x_wconf 88' lang='lat' dir='ltr'>molitur</span> <span class='ocrx_word' id='word_1_48' title='bbox 711 1473 837 1549; x_wconf 92' lang='lat' dir='ltr'>portas.</span> <span class='ocrx_word' id='word_1_49' title='bbox 887 1451 1015 1522; x_wconf 74' lang='lat' dir='ltr'>Contra</span> <span class='ocrx_word' id='word_1_50' title='bbox 1039 1471 1164 1547; x_wconf 86' lang='lat' dir='ltr'>praeto-</span> 
     </span>
     <span class='ocr_line' id='line_1_9' title="bbox 187 1567 1162 1667; baseline 0.003 -28"><span class='ocrx_word' id='word_1_51' title='bbox 187 1567 274 1640; x_wconf 87' lang='lat' dir='ltr'>riani</span> <span class='ocrx_word' id='word_1_52' title='bbox 290 1568 467 1665; x_wconf 81' lang='lat' dir='ltr'>dispositos</span> <span class='ocrx_word' id='word_1_53' title='bbox 483 1572 528 1642; x_wconf 91' lang='lat' dir='ltr'>ad</span> <span class='ocrx_word' id='word_1_54' title='bbox 545 1570 581 1642; x_wconf 92' lang='lat' dir='ltr'>id</span> <span class='ocrx_word' id='word_1_55' title='bbox 603 1571 715 1666; x_wconf 90' lang='lat' dir='ltr'>ipsum</span> <span class='ocrx_word' id='word_1_56' title='bbox 740 1571 898 1659; x_wconf 89' lang='lat' dir='ltr'>molares,</span> <span class='ocrx_word' id='word_1_57' title='bbox 924 1569 1056 1667; x_wconf 89' lang='lat' dir='ltr'>ingenti</span> <span class='ocrx_word' id='word_1_58' title='bbox 1075 1595 1162 1666; x_wconf 91' lang='lat' dir='ltr'>pon-</span> 
     </span>
     <span class='ocr_line' id='line_1_10' title="bbox 187 1688 1165 1787; baseline 0.002 -27"><span class='ocrx_word' id='word_1_59' title='bbox 187 1688 268 1760; x_wconf 89' lang='lat' dir='ltr'>dere</span> <span class='ocrx_word' id='word_1_60' title='bbox 284 1713 324 1762; x_wconf 88' lang='lat' dir='ltr'>ac</span> <span class='ocrx_word' id='word_1_61' title='bbox 340 1688 490 1787; x_wconf 84' lang='lat' dir='ltr'>fragore,</span> <span class='ocrx_word' id='word_1_62' title='bbox 510 1693 741 1787; x_wconf 88' lang='lat' dir='ltr'>provolvunt:</span> <span class='ocrx_word' id='word_1_63' title='bbox 769 1715 844 1786; x_wconf 91' lang='lat' dir='ltr'>pars</span> <span class='ocrx_word' id='word_1_64' title='bbox 864 1688 1083 1762; x_wconf 86' lang='lat' dir='ltr'>subeuntium</span> <span class='ocrx_word' id='word_1_65' title='bbox 1100 1691 1165 1762; x_wconf 91' lang='lat' dir='ltr'>ob·</span> 
     </span>
     <span class='ocr_line' id='line_1_11' title="bbox 188 1807 1219 1906; baseline 0 -25"><span class='ocrx_word' id='word_1_66' title='bbox 188 1808 258 1881; x_wconf 87' lang='lat' dir='ltr'>ruti</span> <span class='ocrx_word' id='word_1_67' title='bbox 274 1837 283 1880; x_wconf 74' lang='grc' dir='ltr'><strong><em>ε</em></strong></span> <span class='ocrx_word' id='word_1_68' title='bbox 298 1835 376 1905; x_wconf 85' lang='lat' dir='ltr'>pars</span> <span class='ocrx_word' id='word_1_69' title='bbox 392 1810 535 1902; x_wconf 86' lang='lat' dir='ltr'>confixi,</span> <span class='ocrx_word' id='word_1_70' title='bbox 550 1815 583 1883; x_wconf 78' lang='grc' dir='ltr'>δι</span> <span class='ocrx_word' id='word_1_71' title='bbox 594 1809 795 1906; x_wconf 84' lang='lat' dir='ltr'>exsangues,</span> <span class='ocrx_word' id='word_1_72' title='bbox 807 1828 864 1880; x_wconf 93' lang='lat' dir='ltr'>aut</span> <span class='ocrx_word' id='word_1_73' title='bbox 880 1807 996 1899; x_wconf 90' lang='lat' dir='ltr'>laceri,</span> <span class='ocrx_word' id='word_1_74' title='bbox 1011 1809 1092 1881; x_wconf 77' lang='lat' dir='ltr'>clim</span> <span class='ocrx_word' id='word_1_75' title='bbox 1102 1833 1164 1881; x_wconf 87' lang='lat' dir='ltr'>au·</span> <span class='ocrx_word' id='word_1_76' title='bbox 1191 1819 1193 1828; x_wconf 90' lang='lat'>&#39;</span> <span class='ocrx_word' id='word_1_77' title='bbox 1212 1870 1219 1881; x_wconf 91' lang='lat'>.</span> 
     </span>
     <span class='ocr_line' id='line_1_12' title="bbox 190 1926 1166 2028; baseline 0.002 -27"><span class='ocrx_word' id='word_1_78' title='bbox 190 1947 287 2027; x_wconf 88' lang='lat' dir='ltr'>geret</span> <span class='ocrx_word' id='word_1_79' title='bbox 311 1928 456 2028; x_wconf 83' lang='lat' dir='ltr'>stragem</span> <span class='ocrx_word' id='word_1_80' title='bbox 473 1929 669 2026; x_wconf 88' lang='lat' dir='ltr'>trepidatio,</span> <span class='ocrx_word' id='word_1_81' title='bbox 699 1929 812 2025; x_wconf 79' lang='lat' dir='ltr'>eoque</span> <span class='ocrx_word' id='word_1_82' title='bbox 829 1926 938 2001; x_wconf 79' lang='lat' dir='ltr'>acrihs</span> <span class='ocrx_word' id='word_1_83' title='bbox 955 1953 974 2000; x_wconf 86' lang='lat' dir='ltr'>e</span> <span class='ocrx_word' id='word_1_84' title='bbox 990 1929 1166 2003; x_wconf 90' lang='lat' dir='ltr'>moenibus</span> 
     </span>
     <span class='ocr_line' id='line_1_13' title="bbox 189 2046 1166 2144; baseline 0.002 -25"><span class='ocrx_word' id='word_1_85' title='bbox 189 2048 466 2138; x_wconf 81' lang='lat' dir='ltr'>vulnerarentur,</span> <span class='ocrx_word' id='word_1_86' title='bbox 484 2049 629 2137; x_wconf 71' lang='lat' dir='ltr'>redidre,</span> <span class='ocrx_word' id='word_1_87' title='bbox 651 2046 795 2121; x_wconf 68' lang='lat' dir='ltr'>infrasii</span> <span class='ocrx_word' id='word_1_88' title='bbox 810 2046 958 2144; x_wconf 89' lang='lat' dir='ltr'>partium</span> <span class='ocrx_word' id='word_1_89' title='bbox 974 2046 1076 2121; x_wconf 72' lang='lat' dir='ltr'>fami.</span> <span class='ocrx_word' id='word_1_90' title='bbox 1119 2051 1166 2122; x_wconf 88' lang='lat' dir='ltr'>Et</span> 
     </span>
     <span class='ocr_line' id='line_1_14' title="bbox 188 2166 1167 2265; baseline 0.002 -25"><span class='ocrx_word' id='word_1_91' title='bbox 188 2166 342 2257; x_wconf 89' lang='lat' dir='ltr'>Caecina,</span> <span class='ocrx_word' id='word_1_92' title='bbox 369 2169 502 2264; x_wconf 88' lang='lat' dir='ltr'>pudore</span> <span class='ocrx_word' id='word_1_93' title='bbox 527 2189 650 2264; x_wconf 83' lang='lat' dir='ltr'>coeptae</span> <span class='ocrx_word' id='word_1_94' title='bbox 667 2188 796 2241; x_wconf 91' lang='lat' dir='ltr'>temere</span> <span class='ocrx_word' id='word_1_95' title='bbox 812 2167 1095 2265; x_wconf 88' lang='lat' dir='ltr'>oppugnationis,</span> <span class='ocrx_word' id='word_1_96' title='bbox 1121 2192 1167 2242; x_wconf 88' lang='lat' dir='ltr'>ne</span> 
     </span>
     <span class='ocr_line' id='line_1_15' title="bbox 189 2284 1166 2383; baseline 0.001 -25"><span class='ocrx_word' id='word_1_97' title='bbox 189 2286 311 2360; x_wconf 90' lang='lat' dir='ltr'>inrisus</span> <span class='ocrx_word' id='word_1_98' title='bbox 339 2313 379 2361; x_wconf 91' lang='lat' dir='ltr'>ac</span> <span class='ocrx_word' id='word_1_99' title='bbox 397 2314 507 2361; x_wconf 91' lang='lat' dir='ltr'>vanus</span> <span class='ocrx_word' id='word_1_100' title='bbox 533 2286 655 2361; x_wconf 91' lang='lat' dir='ltr'>iisdem</span> <span class='ocrx_word' id='word_1_101' title='bbox 679 2285 793 2360; x_wconf 86' lang='lat' dir='ltr'>castris</span> <span class='ocrx_word' id='word_1_102' title='bbox 815 2286 996 2375; x_wconf 80' lang='lat' dir='ltr'>adsideret,</span> <span class='ocrx_word' id='word_1_103' title='bbox 1026 2284 1166 2383; x_wconf 70' lang='lat' dir='ltr'>trajedto</span> 
     </span>
     <span class='ocr_line' id='line_1_16' title="bbox 186 2391 1167 2503; baseline 0.001 -25"><span class='ocrx_word' id='word_1_104' title='bbox 186 2403 298 2480; x_wconf 71' lang='lat' dir='ltr'>narsus</span> <span class='ocrx_word' id='word_1_105' title='bbox 309 2391 421 2497; x_wconf 85' lang='lat' dir='ltr'>Pado,</span> <span class='ocrx_word' id='word_1_106' title='bbox 437 2410 646 2481; x_wconf 88' lang='lat' dir='ltr'>Cremonam</span> <span class='ocrx_word' id='word_1_107' title='bbox 659 2426 774 2503; x_wconf 89' lang='lat' dir='ltr'>petere</span> <span class='ocrx_word' id='word_1_108' title='bbox 784 2404 940 2478; x_wconf 91' lang='lat' dir='ltr'>intendit.</span> <span class='ocrx_word' id='word_1_109' title='bbox 976 2405 1167 2479; x_wconf 66' lang='lat' dir='ltr'>Tradidere</span> 
     </span>
     <span class='ocr_line' id='line_1_17' title="bbox 189 2523 1233 2620; baseline -0.001 -22"><span class='ocrx_word' id='word_1_110' title='bbox 189 2523 256 2599; x_wconf 89' lang='lat' dir='ltr'>sese</span> <span class='ocrx_word' id='word_1_111' title='bbox 284 2527 426 2602; x_wconf 89' lang='lat' dir='ltr'>abeunti</span> <span class='ocrx_word' id='word_1_112' title='bbox 439 2526 621 2600; x_wconf 87' lang='lat' dir='ltr'>Turullius</span> <span class='ocrx_word' id='word_1_113' title='bbox 644 2524 796 2613; x_wconf 89' lang='lat' dir='ltr'>Cerialis,</span> <span class='ocrx_word' id='word_1_114' title='bbox 821 2549 902 2596; x_wconf 91' lang='lat' dir='ltr'>cum</span> <span class='ocrx_word' id='word_1_115' title='bbox 928 2523 1167 2620; x_wconf 89' lang='lat' dir='ltr'>compluribus</span> <span class='ocrx_word' id='word_1_116' title='bbox 1227 2549 1233 2556; x_wconf 83' lang='grc'><em>·</em></span> 
     </span>
     <span class='ocr_line' id='line_1_18' title="bbox 190 2642 1168 2742; baseline -0.004 -23"><span class='ocrx_word' id='word_1_117' title='bbox 190 2645 345 2736; x_wconf 75' lang='lat' dir='ltr'>classicis,</span> <span class='ocrx_word' id='word_1_118' title='bbox 376 2650 409 2720; x_wconf 80' lang='grc' dir='ltr'>δι</span> <span class='ocrx_word' id='word_1_119' title='bbox 434 2646 549 2741; x_wconf 87' lang='lat' dir='ltr'>Julius</span> <span class='ocrx_word' id='word_1_120' title='bbox 571 2644 802 2742; x_wconf 90' lang='lat' dir='ltr'>Briganticus,</span> <span class='ocrx_word' id='word_1_121' title='bbox 827 2667 910 2716; x_wconf 88' lang='lat' dir='ltr'>curn</span> <span class='ocrx_word' id='word_1_122' title='bbox 929 2642 1046 2738; x_wconf 88' lang='lat' dir='ltr'>paucis</span> <span class='ocrx_word' id='word_1_123' title='bbox 1069 2643 1168 2740; x_wconf 87' lang='lat' dir='ltr'>equi-</span> 
     </span>
     <span class='ocr_line' id='line_1_19' title="bbox 189 2760 1169 2862; baseline -0.005 -22"><span class='ocrx_word' id='word_1_124' title='bbox 189 2785 291 2840; x_wconf 86' lang='lat' dir='ltr'>tum:</span> <span class='ocrx_word' id='word_1_125' title='bbox 318 2766 374 2839; x_wconf 92' lang='lat' dir='ltr'>hic</span> <span class='ocrx_word' id='word_1_126' title='bbox 399 2765 578 2862; x_wconf 75' lang='lat' dir='ltr'>praefeuus</span> <span class='ocrx_word' id='word_1_127' title='bbox 601 2767 679 2854; x_wconf 86' lang='lat' dir='ltr'>alae,</span> <span class='ocrx_word' id='word_1_128' title='bbox 708 2762 745 2835; x_wconf 93' lang='lat' dir='ltr'>in</span> <span class='ocrx_word' id='word_1_129' title='bbox 769 2761 903 2836; x_wconf 87' lang='lat' dir='ltr'>Batavis</span> <span class='ocrx_word' id='word_1_130' title='bbox 929 2760 1086 2857; x_wconf 85' lang='lat' dir='ltr'>genitus;</span> <span class='ocrx_word' id='word_1_131' title='bbox 1108 2761 1169 2836; x_wconf 85' lang='lat' dir='ltr'>ille</span> 
     </span>
     <span class='ocr_line' id='line_1_20' title="bbox 192 2876 1168 2982; baseline -0.002 -24"><span class='ocrx_word' id='word_1_132' title='bbox 192 2885 424 2982; x_wconf 90' lang='lat' dir='ltr'>primipilaris,</span> <span class='ocrx_word' id='word_1_133' title='bbox 437 2890 470 2958; x_wconf 77' lang='grc' dir='ltr'>δι</span> <span class='ocrx_word' id='word_1_134' title='bbox 487 2884 635 2958; x_wconf 82' lang='lat' dir='ltr'>Caecinae</span> <span class='ocrx_word' id='word_1_135' title='bbox 650 2884 742 2955; x_wconf 89' lang='lat' dir='ltr'>haud</span> <span class='ocrx_word' id='word_1_136' title='bbox 759 2881 901 2972; x_wconf 89' lang='lat' dir='ltr'>alienus,</span> <span class='ocrx_word' id='word_1_137' title='bbox 916 2876 1011 2976; x_wconf 78' lang='lat' dir='ltr'>quod</span> <span class='ocrx_word' id='word_1_138' title='bbox 1028 2880 1168 2956; x_wconf 88' lang='lat' dir='ltr'>ordines</span> 
     </span>
     <span class='ocr_line' id='line_1_21' title="bbox 192 3003 614 3078; baseline -0.005 -2"><span class='ocrx_word' id='word_1_139' title='bbox 192 3003 230 3076; x_wconf 89' lang='lat' dir='ltr'>in</span> <span class='ocrx_word' id='word_1_140' title='bbox 246 3004 435 3078; x_wconf 73' lang='lat' dir='ltr'>Germania</span> <span class='ocrx_word' id='word_1_141' title='bbox 457 3004 614 3076; x_wconf 86' lang='lat' dir='ltr'>duxerat.</span> 
     </span>
    </p>

    <p class='ocr_par' dir='ltr' id='par_1_3' title="bbox 191 3119 1171 4061">
     <span class='ocr_line' id='line_1_22' title="bbox 242 3119 1167 3218; baseline -0.004 -21"><span class='ocrx_word' id='word_1_142' title='bbox 242 3126 378 3198; x_wconf 87' lang='lat' dir='ltr'><strong>XXIII.</strong></span> <span class='ocrx_word' id='word_1_143' title='bbox 403 3125 625 3212; x_wconf 67' lang='lat' dir='ltr'>Sensimus,</span> <span class='ocrx_word' id='word_1_144' title='bbox 653 3139 829 3218; x_wconf 89' lang='lat' dir='ltr'>comperto</span> <span class='ocrx_word' id='word_1_145' title='bbox 857 3119 978 3193; x_wconf 89' lang='lat' dir='ltr'>itinere</span> <span class='ocrx_word' id='word_1_146' title='bbox 1000 3119 1167 3212; x_wconf 91' lang='lat' dir='ltr'>hostium,</span> 
     </span>
     <span class='ocr_line' id='line_1_23' title="bbox 191 3239 1167 3338; baseline -0.002 -23"><span class='ocrx_word' id='word_1_147' title='bbox 191 3240 367 3317; x_wconf 84' lang='lat' dir='ltr'>defensam</span> <span class='ocrx_word' id='word_1_148' title='bbox 384 3243 611 3331; x_wconf 90' lang='lat' dir='ltr'>Placentiam,</span> <span class='ocrx_word' id='word_1_149' title='bbox 644 3267 791 3338; x_wconf 76' lang='lat' dir='ltr'>quaque</span> <span class='ocrx_word' id='word_1_150' title='bbox 814 3243 902 3329; x_wconf 73' lang='lat' dir='ltr'>aeia,</span> <span class='ocrx_word' id='word_1_151' title='bbox 932 3239 1068 3336; x_wconf 88' lang='lat' dir='ltr'>&amp;quid</span> <span class='ocrx_word' id='word_1_152' title='bbox 1089 3241 1167 3314; x_wconf 77' lang='lat' dir='ltr'>Cae·</span> 
     </span>
     <span class='ocr_line' id='line_1_24' title="bbox 192 3358 1168 3461; baseline -0.003 -25"><span class='ocrx_word' id='word_1_153' title='bbox 192 3362 270 3436; x_wconf 91' lang='lat' dir='ltr'>cina</span> <span class='ocrx_word' id='word_1_154' title='bbox 299 3382 443 3461; x_wconf 90' lang='lat' dir='ltr'>pararet,</span> <span class='ocrx_word' id='word_1_155' title='bbox 471 3362 630 3437; x_wconf 89' lang='lat' dir='ltr'>Annium</span> <span class='ocrx_word' id='word_1_156' title='bbox 660 3362 802 3433; x_wconf 87' lang='lat' dir='ltr'>Gallum</span> <span class='ocrx_word' id='word_1_157' title='bbox 827 3384 887 3456; x_wconf 86' lang='lat' dir='ltr'>per</span> <span class='ocrx_word' id='word_1_158' title='bbox 914 3358 1025 3430; x_wconf 86' lang='lat' dir='ltr'>literas</span> <span class='ocrx_word' id='word_1_159' title='bbox 1054 3359 1168 3433; x_wconf 86' lang='lat' dir='ltr'>docet.</span> 
     </span>
     <span class='ocr_line' id='line_1_25' title="bbox 193 3477 1170 3581; baseline -0.004 -26"><span class='ocrx_word' id='word_1_160' title='bbox 193 3483 315 3556; x_wconf 90' lang='lat' dir='ltr'>Gallus</span> <span class='ocrx_word' id='word_1_161' title='bbox 344 3482 517 3581; x_wconf 86' lang='lat' dir='ltr'>legionem</span> <span class='ocrx_word' id='word_1_162' title='bbox 549 3482 698 3579; x_wconf 89' lang='lat' dir='ltr'>primam</span> <span class='ocrx_word' id='word_1_163' title='bbox 726 3480 762 3551; x_wconf 94' lang='lat' dir='ltr'>in</span> <span class='ocrx_word' id='word_1_164' title='bbox 791 3477 958 3551; x_wconf 89' lang='lat' dir='ltr'>auxilium</span> <span class='ocrx_word' id='word_1_165' title='bbox 987 3477 1170 3552; x_wconf 89' lang='lat' dir='ltr'>Placentiae</span> 
     </span>
     <span class='ocr_line' id='line_1_26' title="bbox 194 3595 1169 3698; baseline -0.003 -23"><span class='ocrx_word' id='word_1_166' title='bbox 194 3603 359 3693; x_wconf 91' lang='lat' dir='ltr'>ducebat,</span> <span class='ocrx_word' id='word_1_167' title='bbox 388 3600 527 3675; x_wconf 86' lang='lat' dir='ltr'>diffisus‘</span> <span class='ocrx_word' id='word_1_168' title='bbox 540 3600 711 3698; x_wconf 90' lang='lat' dir='ltr'>paucitate</span> <span class='ocrx_word' id='word_1_169' title='bbox 728 3597 936 3686; x_wconf 88' lang='lat' dir='ltr'>cohortium,</span> <span class='ocrx_word' id='word_1_170' title='bbox 963 3621 1007 3669; x_wconf 91' lang='lat' dir='ltr'>ne</span> <span class='ocrx_word' id='word_1_171' title='bbox 1031 3595 1169 3693; x_wconf 82' lang='lat' dir='ltr'>longius</span> 
     </span>
     <span class='ocr_line' id='line_1_27' title="bbox 193 3716 1169 3812; baseline -0.005 -17"><span class='ocrx_word' id='word_1_172' title='bbox 193 3722 381 3811; x_wconf 87' lang='lat' dir='ltr'>obfidium,</span> <span class='ocrx_word' id='word_1_173' title='bbox 408 3725 442 3794; x_wconf 74' lang='lat' dir='ltr'>a</span> <span class='ocrx_word' id='word_1_174' title='bbox 459 3722 532 3795; x_wconf 92' lang='lat' dir='ltr'>vim</span> <span class='ocrx_word' id='word_1_175' title='bbox 558 3717 755 3792; x_wconf 87' lang='lat' dir='ltr'>Germanici</span> <span class='ocrx_word' id='word_1_176' title='bbox 777 3716 944 3790; x_wconf 76' lang='lat' dir='ltr'>exercitiis</span> <span class='ocrx_word' id='word_1_177' title='bbox 968 3740 1090 3812; x_wconf 91' lang='lat' dir='ltr'>parum</span> <span class='ocrx_word' id='word_1_178' title='bbox 1114 3734 1169 3790; x_wconf 88' lang='lat' dir='ltr'>to·</span> 
     </span>
     <span class='ocr_line' id='line_1_28' title="bbox 198 3836 1169 3937; baseline -0.001 -25"><span class='ocrx_word' id='word_1_179' title='bbox 198 3841 367 3916; x_wconf 90' lang='lat' dir='ltr'>Ierarent:</span> <span class='ocrx_word' id='word_1_180' title='bbox 398 3841 459 3914; x_wconf 94' lang='lat' dir='ltr'>ubi</span> <span class='ocrx_word' id='word_1_181' title='bbox 487 3839 622 3937; x_wconf 87' lang='lat' dir='ltr'>pulsum</span> <span class='ocrx_word' id='word_1_182' title='bbox 653 3837 831 3911; x_wconf 86' lang='lat' dir='ltr'>Caecinam</span> <span class='ocrx_word' id='word_1_183' title='bbox 858 3860 999 3934; x_wconf 91' lang='lat' dir='ltr'>pergere</span> <span class='ocrx_word' id='word_1_184' title='bbox 1026 3836 1169 3910; x_wconf 88' lang='lat' dir='ltr'>Cremo·</span> 
     </span>
     <span class='ocr_line' id='line_1_29' title="bbox 199 3955 1171 4061; baseline -0.013 -21"><span class='ocrx_word' id='word_1_185' title='bbox 199 3984 281 4040; x_wconf 72' lang='lat' dir='ltr'>nam</span> <span class='ocrx_word' id='word_1_186' title='bbox 296 3961 441 4061; x_wconf 82' lang='lat' dir='ltr'>accepit,</span> <span class='ocrx_word' id='word_1_187' title='bbox 467 3959 560 4058; x_wconf 71' lang='lat' dir='ltr'>aegre</span> <span class='ocrx_word' id='word_1_188' title='bbox 587 3957 773 4033; x_wconf 71' lang='lat' dir='ltr'>coircitam</span> <span class='ocrx_word' id='word_1_189' title='bbox 795 3955 983 4055; x_wconf 88' lang='lat' dir='ltr'>legionem,</span> <span class='ocrx_word' id='word_1_190' title='bbox 1016 3958 1050 4026; x_wconf 87' lang='lat'>&amp;</span> <span class='ocrx_word' id='word_1_191' title='bbox 1078 3981 1171 4056; x_wconf 87' lang='lat' dir='ltr'>pug-</span> 
     </span>
    </p>

    <p class='ocr_par' dir='ltr' id='par_1_4' title="bbox 625 4079 712 4151">
     <span class='ocr_line' id='line_1_30' title="bbox 625 4079 712 4151; baseline -0.011 0"><span class='ocrx_word' id='word_1_192' title='bbox 625 4079 712 4151; x_wconf 82' lang='lat' dir='ltr'>Ha</span> 
     </span>
    </p>
   </div>
   <div class='ocr_carea' id='block_1_3' title="bbox 0 0 1515 5144">
    <p class='ocr_par' dir='ltr' id='par_1_5' title="bbox 0 0 1515 5144">
     <span class='ocr_line' id='line_1_31' title="bbox 0 0 1515 5144; baseline 0 0"><span class='ocrx_word' id='word_1_193' title='bbox 0 0 1515 5144; x_wconf 95' lang='lat' dir='ltr'> </span> 
     </span>
    </p>
   </div>
  </div>
 </body>
</html>
