3000 5144
392 565 637 638 Drnaooos
673 585 729 637 un
765 565 1089 637 Onnronrnus.
1186 587 1232 662 27

256 733 406 832 judices,
430 736 491 832 qui
515 736 565 825 vi,
583 757 643 809 aut
665 735 845 833 potestate,
871 761 941 808 non
952 735 1031 832 jure
1048 743 1081 810 ὃ(
1100 737 1236 833 legibus

261 852 491 950 cognoscunt,
522 860 555 928 δε
574 880 637 927 nec
655 852 828 950 accipiunt
844 874 1014 951 tempora,
1034 854 1090 929 sed
1109 856 1234 930 consti-

261 993 379 1061 tuunt,
405 990 480 1047 nec·
495 974 762 1070 exspediandum
784 975 913 1046 habent
935 994 1121 1064 oratorem,
1148 976 1237 1050 dum

261 1092 313 1164 illi
328 1093 430 1166 libeat
443 1093 487 1166 de
499 1091 571 1189 ipso
590 1092 731 1189 negotio
746 1092 875 1180 dicere,
894 1089 950 1163 sed
967 1089 1055 1187 saepe
1069 1093 1157 1165 ultro
1174 1095 1236 1166 ad-

263 1231 420 1299 monent,
448 1232 553 1308 atque
579 1211 648 1283 alio
672 1209 975 1308 transgredientem
999 1233 1177 1302 revocant,
1200 1217 1235 1286 δι

261 1329 417 1404 festinare
434 1329 467 1403 se
489 1331 664 1404 testantur.

310 1453 396 1523 XX.
420 1455 520 1548 ers
549 1476 641 1524 nunc
664 1447 748 1522 feret
772 1469 943 1522 oratorem
968 1449 1013 1521 de
1036 1446 1236 1526 infirmitate

261 1569 468 1642 valetudinis
484 1568 550 1642 suae
569 1567 798 1666 praesantem?
826 1568 940 1665 qualia
956 1567 1031 1640 sunt
1055 1567 1125 1642 sere
1143 1571 1236 1666 prin-

262 1688 356 1785 cipia
386 1689 542 1762 Corvini.
592 1687 681 1785 Quis
708 1687 863 1783 quinque
890 1687 927 1759 in
954 1690 1100 1761 Verrem
1132 1689 1236 1763 libros

262 1808 499 1904 exspectabit?
551 1807 639 1904 Qris
659 1806 704 1878 de
720 1806 922 1902 exceptione
939 1811 972 1879 δι
989 1805 1136 1881 formula
1160 1834 1236 1905 per·

265 1928 410 2024 petietur
427 1928 484 2000 illa
499 1924 663 1998 immensa
680 1925 871 2014 volumina,
896 1951 976 2021 quae
994 1952 1057 2021 pro
1074 1928 1130 1999 Μ.
1146 1928 1237 1999 Tul·

263 2047 326 2136 iio,
340 2067 398 2120 aut
417 2052 463 2119 A.
480 2045 621 2119 Caecinri
639 2043 814 2140 legimus?
865 2044 1045 2118 Praecurrit
1062 2046 1130 2117 hoc
1147 2067 1236 2118 tem·

264 2191 349 2263 pore
360 2164 473 2262 judex
495 2164 684 2251 dicentem,
709 2168 741 2235 &
768 2163 827 2236 nisr
852 2184 909 2237 aut
937 2164 1035 2236 cursu
1051 2151 1244 2261 argumenss

264 2305 397 2375 torum,
413 2306 472 2359 aut
489 2287 604 2359 colore
621 2281 873 2374 sententiarum,
895 2304 955 2357 aut
971 2283 1123 2356 nitore&
1142 2286 1238 2359 cultu

263 2404 536 2502 descriptionum
557 2403 722 2476 invitatus
740 2408 773 2476 dc
791 2422 970 2499 corruptus
986 2403 1048 2493 est,
1067 2403 1238 2477 aversatur

261 2525 448 2597 dicentem.
497 2525 633 2620 Vulgus
652 2548 790 2619 quoque
807 2521 1054 2611 adsistentium,
1074 2528 1107 2596 δι
1124 2524 1236 2596 adflu-

262 2667 323 2716 ens
353 2648 386 2716 &
406 2668 515 2740 vagus
537 2642 686 2730 auditor,
709 2639 862 2714 adsuevit
886 2638 959 2736 jam
989 2641 1128 2738 exigere
1151 2641 1237 2717 laeti·

263 2761 363 2849 tiam,
383 2768 416 2834 ἃ
436 2760 727 2859 pulchritudinem
744 2758 930 2845 orationis;
951 2785 1014 2831 nec
1032 2759 1143 2855 magis
1160 2784 1237 2855 per·

262 2881 386 2955 sertin
408 2881 547 2978 judiciis
569 2880 699 2952 tristem
725 2877 957 2974 &impexam
983 2877 1236 2973 antiquitatem,

263 3002 371 3099 quim
390 3004 412 3072 sr
430 3002 506 3098 quis
525 3001 561 3072 in
578 2999 688 3088 scend,
709 2997 840 3086 Roscii,
865 3017 924 3069 aut
940 2994 1130 3093 Turpionis
1147 3002 1236 3072 Am·

263 3119 349 3192 bivii
368 3121 560 3215 exprimere
585 3120 696 3216 gesius
721 3117 816 3191 velit.
865 3119 945 3212 Jam
975 3115 1056 3188 verri
1076 3115 1235 3213 juvenes,

264 3242 298 3311 δι
327 3237 362 3309 in
388 3239 459 3334 ipsi
481 3238 673 3312 studiorum
692 3237 816 3310 incude
842 3236 953 3332 posrti,
984 3234 1045 3332 qui
1065 3234 1237 3331 profediirs

263 3356 311 3429 sui
331 3361 430 3429 causfa
448 3379 596 3431 oratores
614 3355 792 3444 sedantur,
813 3381 883 3429 non
900 3356 1009 3428 solima
1024 3355 1154 3444 audire,
1178 3354 1237 3431 sed

263 3475 367 3549 etiarn
396 3477 516 3551 reserre
541 3480 688 3550 domum
713 3474 845 3571 aliquid
869 3474 1009 3547 inlustre
1038 3475 1238 3571 &dignum

263 3596 433 3668 memorii
458 3599 591 3670 volunt.
640 3596 870 3690 Traduurque
897 3593 1061 3682 invicem,
1084 3620 1123 3666 ac
1150 3592 1237 3691 saepe

263 3714 299 3786 in
318 3715 469 3788 colonias
487 3741 526 3788 ac
545 3713 739 3810 provincias
757 3712 831 3784 suas
849 3711 1009 3800 scribunt,
1037 3715 1104 3784 five
1120 3712 1155 3785 in
1171 3713 1237 3789 suis

240 3898 242 3903 ⁴
263 3833 383 3930 aliquis
400 3835 521 3930 arguti
540 3838 573 3904 δι
591 3831 687 3906 brevi
704 3830 868 3903 sententid
883 3831 1019 3918 effulfit,
1051 3834 1119 3903 srve
1140 3833 1237 3908 locus

266 3951 435 4050 exquisito
458 3958 492 4025 dc
511 3951 650 4049 po'e‘tico
666 3951 762 4027 cultu
780 3948 913 4024 enituit.
964 3948 1126 4047 Exigitur
1142 3952 1236 4030 enim
