3000 5144
322 588 368 655 42
551 560 1149 637 C.Coruar.11Tncrrt

325 733 534 810 Amicorum
564 738 847 834 libertorumque,
874 735 934 810 ubi
959 736 994 808 in
1022 739 1132 809 bonos
1160 734 1299 810 incidis·

326 851 387 940 set,
423 858 489 926 fine
527 859 784 951 reprehensione
822 855 978 951 patiens:
1008 857 1030 925 fi
1060 853 1142 926 mali
1171 852 1297 943 forent,
1341 844 1345 859 ⁸

322 971 487 1068 usquead
509 976 647 1069 culpam
664 974 813 1070 ignarus.
835 1042 840 1051 ,
860 973 926 1045 Sed
955 971 1086 1046 claritas
1112 973 1295 1061 natalium,

321 1094 490 1163 &metus
518 1111 717 1187 temporum
744 1090 917 1178 obtentui,
949 1109 1000 1179 ut,
1030 1091 1127 1186 quod
1150 1090 1296 1189 segnitia

314 1229 401 1299 qrat,
434 1208 594 1304 sapientia
626 1231 818 1282 vocaretur.
876 1212 974 1283 Dum
1007 1208 1151 1306 vigebat
1188 1230 1288 1297 aetas,

318 1308 456 1402 militari
482 1329 583 1401 laude
610 1329 705 1424 apud
721 1326 921 1400 Germanias
938 1326 1077 1399 ssoruit:
1106 1326 1293 1423 proconsul

322 1447 477 1521 Africam
499 1447 696 1520 moderate:
717 1444 792 1541 jam
809 1444 932 1532 senior,
947 1443 1142 1517 citeriorem
1159 1443 1291 1539 Hispa·

321 1565 416 1638 niam
433 1563 643 1662 parijustitil
659 1562 854 1635 continuit:
886 1559 995 1657 major
1024 1562 1159 1657 privato
1182 1561 1290 1649 visus,

320 1686 406 1756 dum
440 1684 592 1778 privatus
625 1679 701 1769 fuit,
735 1686 767 1753 ἃ
803 1679 964 1753 omnium
988 1678 1151 1753 consensu
1180 1704 1294 1775 capax

321 1801 469 1896 imperii,
495 1801 554 1871 nisr
579 1798 784 1894 imperallet.

377 1922 423 1991 L.
459 1921 678 1990 Taurinum
704 1920 856 2004 Urbem,
877 1943 919 1989 ac
948 1920 1047 1990 srmul
1074 1917 1290 1991 atrocitatem

319 2037 462 2111 recentis
480 2034 626 2123 sceleris,
643 2037 739 2108 simul
769 2055 899 2108 veteres
919 2034 1070 2107 Othonis
1094 2058 1206 2108 mores
1228 2059 1291 2129 pa·

323 2176 476 2242 ventem,
505 2178 615 2225 novus
641 2152 776 2248 insuper
813 2156 898 2226 “de
930 2152 1108 2242 Vitelli0,”
1151 2152 1291 2226 nuntius

322 2272 499 2358 exterruit,
523 2289 602 2341 ante
619 2271 750 2341 caedem
776 2272 898 2343 Galbae
923 2269 1126 2368 suppressus,
1152 2291 1192 2343 ut
1215 2290 1292 2342 tan·

320 2392 397 2463 tirm
412 2387 585 2483 superioris
602 2388 795 2460 Germaniae
812 2390 1004 2463 exercitum
1018 2387 1195 2461 descivisse
1214 2413 1289 2461 cre-

321 2509 465 2579 deretur.
530 2506 626 2576 Tum
655 2511 682 2546 “
694 2505 796 2594 duos,
821 2508 981 2580 omnium
1002 2494 1203 2579 mortalium
1223 2506 1290 2578 im·

322 2631 350 2669 “
370 2622 547 2722 pudicitia,
569 2622 719 2719 ignavil,
737 2624 885 2712 luxuria,
903 2625 1117 2712 deterrimos,
1130 2625 1226 2696 velut
1244 2625 1290 2696 ad

324 2743 585 2839 “perdendum
616 2740 798 2838 imperium
834 2741 978 2815 fataliter
1015 2743 1182 2830 ele&os,''
1216 2767 1290 2814 non

322 2863 456 2937 senatus
483 2860 591 2934 modo
615 2864 648 2932 ὃ(
671 2885 788 2955 eques,
813 2863 891 2957 quls
912 2860 1028 2956 aliqua
1055 2862 1189 2956 pars&
1208 2883 1292 2932 cura

321 2980 531 3076 reipublicae,
563 2978 620 3051 sed
652 2980 778 3074 vulgus
819 3004 960 3075 quoque
995 2980 1109 3074 palam
1137 3002 1290 3050 maerere.

320 3102 398 3173 Nec
411 3097 486 3195 jam
506 3096 652 3170 recentia
674 3096 771 3168 saevae
799 3096 889 3191 pacis
906 3098 1080 3191 exempla,
1109 3093 1167 3167 sed
1186 3120 1286 3191 repe·

320 3218 382 3291 titlt
399 3220 572 3290 bellorum
588 3213 742 3288 civilium
759 3213 938 3301 memorial,
964 3221 990 3256 “
1003 3234 1140 3309 captam
1163 3213 1290 3288 totiens

322 3345 349 3379 “
368 3336 433 3408 luis
460 3333 665 3407 exercitibus
689 3334 838 3418 Urbem,
870 3331 1060 3404 vastitatem
1085 3333 1206 3420 ltaliae,
1234 3333 1289 3405 di·

322 3461 350 3503 ⁴‘
369 3453 538 3548 reptiones
555 3451 824 3546 provinciarum,
846 3448 1065 3539 Pharsaliam,
1087 3449 1286 3546 Philippos,

323 3575 402 3642 “&
432 3573 604 3642 Perulram
626 3594 666 3640 ac
694 3567 913 3653 Mutinam,'’
951 3587 1033 3637 nota
1071 3569 1290 3663 publicarum

323 3688 475 3760 cladium
493 3687 647 3774 nomina,
669 3685 906 3779 loquebantur.
957 3690 984 3725 “
999 3686 1114 3780 Prope
1133 3686 1289 3763 eversum

324 3807 493 3876 “orbem
526 3803 629 3887 etiam
658 3803 739 3874 cbm
765 3801 809 3871 de
842 3800 1033 3895 principatu
1061 3801 1149 3874 inter
1174 3806 1288 3876 bonos

325 3930 352 3979 ⁴⁴
372 3939 573 4001 certaretur:
597 3918 654 3992 sed
675 3918 829 3990 mansrffe
846 3919 887 3991 C.
905 3918 1012 4010 Juli0‚
1037 3921 1192 3995 manfiffe
1207 3922 1287 3995 Cae·
1320 3923 1324 3930 ’
