3000 5144
401 542 1022 624 Hrsronrnnuqun.III.
1132 566 1202 642 223

232 715 288 789 dei
313 715 463 789 sacravit.
511 717 714 791 Sabinus&
743 716 894 805 Atticus,
920 714 1048 789 onerati
1066 715 1207 804 catenis,

235 837 330 908 &ad
348 835 528 908 Vitellium
545 837 654 926 dudti,
681 859 899 933 nequaquam
917 834 1036 907 infesto
1053 833 1209 906 sermone

234 958 405 1051 vultuque
421 954 655 1051 excipiuntur,
681 953 919 1041 frementibus,
943 953 1001 1049 qui
1014 950 1072 1048 jus
1089 951 1205 1041 caedis,

234 1079 268 1146 ἃ
293 1072 433 1169 praemia
461 1093 592 1146 navatae
620 1100 747 1170 operae,
776 1075 948 1170 petebant.
997 1074 1161 1145 Clamore
1187 1099 1209 1145 a

235 1192 404 1290 proximis
422 1213 510 1280 orto,
537 1192 674 1266 sordida
690 1218 766 1288 pars
788 1192 896 1287 plebis
914 1190 1120 1288 supplicium
1147 1192 1205 1262 Sa·

234 1311 307 1385 bini
324 1308 497 1407 exposcit,
525 1310 635 1384 minas
651 1310 927 1406 adulationesque
943 1307 1072 1382 miscet.
1110 1312 1208 1382 Stan-

233 1449 385 1526 tempto
410 1428 572 1524 gradibus
595 1429 709 1525 palatii
734 1428 928 1516 Vitellium,
959 1432 992 1500 &
1015 1451 1131 1524 preces
1148 1452 1208 1523 pa·

236 1567 384 1635 tantem,
416 1548 589 1644 pervicere
612 1568 650 1621 ut
667 1547 845 1620 absisteret.
894 1548 991 1618 Tum
1017 1543 1212 1619 confossum

235 1668 575 1763 conlaceratumque,
606 1671 641 1739 δε
670 1662 798 1740 absciso
817 1665 929 1762 capite
946 1684 1109 1737 truncum
1133 1688 1209 1737 cor·

238 1809 303 1880 pus
319 1784 434 1857 Sabini
450 1784 486 1856 in
503 1786 692 1858 Gemonias
707 1788 857 1857 trahunt.

287 1904 442 1977 LXXV.
468 1905 551 1976 Hrc
571 1904 685 1977 exitus
704 1904 768 1976 viri
796 1903 888 1976 haud
912 1902 989 1975 sane
1018 1901 1210 1999 spernendi.
1282 1920 1286 1927 ’

237 2020 405 2117 Quinque
427 2025 461 2093 δι
480 2021 620 2120 triginta
637 2022 806 2119 stipendia
822 2021 858 2093 in
880 2022 1054 2117 republica
1071 2021 1209 2113 fecerat,

238 2139 338 2211 domi
351 2139 551 2238 militiaeque
568 2142 688 2216 clarus.
726 2140 964 2214 Innocentiam
974 2139 1214 2238 justitiamque

238 2255 308 2354 ejus
321 2283 390 2329 non
408 2284 568 2357 argueres
586 2288 594 2332 :
614 2259 778 2333 sermonis
795 2260 922 2349 nimius
939 2280 1032 2333 erat:
1054 2260 1089 2333 id
1101 2283 1212 2333 unum

238 2375 369 2472 septem
387 2378 498 2465 annis,
517 2378 644 2476 quibus
656 2382 820 2453 Moesram
836 2407 846 2465 ;
864 2379 1065 2468 duodecim,
1085 2378 1212 2477 quibua

239 2493 475 2590 praeseduram
500 2498 609 2570 Urbis
630 2498 797 2588 obtinuit,
825 2497 1051 2571 calumniatus
1075 2498 1124 2570 est
1153 2523 1211 2570 ru·

240 2638 341 2686 mor:
365 2614 400 2687 in
420 2618 489 2688 fine
506 2616 600 2704 vitae,
618 2617 675 2689 alii
690 2615 845 2715 segnem,
863 2617 965 2690 multi
980 2619 1213 2706 moderatum,

241 2736 275 2804 δι
293 2733 424 2806 civium
447 2733 620 2832 sanguinis
637 2761 781 2833 parcum
799 2735 985 2808 credidere.
1035 2736 1143 2831 Qrod
1161 2736 1213 2808 in·

240 2871 292 2923 ter
306 2877 428 2925 omnes
444 2852 643 2943 constiterit,
661 2873 739 2927 ante
756 2853 990 2951 principatum
1007 2852 1214 2950 Vespasiani,

241 2973 345 3044 decus
371 2973 497 3045 dumbs
527 2998 630 3068 penes
655 2972 821 3047 Sabinum
846 2993 925 3045 erat.
975 2972 1118 3045 Caedem
1143 2969 1214 3069 ejus

241 3092 356 3163 laetam
375 3091 473 3165 fuisse
489 3092 659 3182 Muciano
671 3091 881 3187 accepimus.
924 3093 1095 3164 Ferebant
1112 3090 1214 3187 pleri·
1290 3100 1293 3110 '

243 3235 311 3306 que
329 3218 357 3253 “
377 3209 481 3283 etiam
501 3211 577 3307 paci
590 3210 796 3298 consultum,
813 3210 985 3306 dirempta
998 3208 1215 3283 aemulatione

246 3336 273 3372 “
291 3331 378 3402 inter
394 3331 495 3417 duos,
513 3356 664 3426 quorum
681 3332 763 3402 alter
780 3329 812 3401 se
829 3328 969 3401 fratrem
980 3327 1213 3423 Imperatoris,

246 3450 376 3521 “alter
402 3447 595 3521 consortem
612 3448 746 3544 imperii
769 3446 967 3544 cogitaret.”
1016 3447 1083 3519 Sed
1106 3446 1214 3519 Vites·

244 3568 310 3641 lius
335 3566 481 3641 consulis
507 3566 714 3663 supplicium
742 3565 895 3664 poscenti
922 3567 1056 3662 popuso
1081 3565 1215 3656 restitit,

246 3689 413 3783 placatus,
442 3712 482 3758 ac
505 3689 598 3758 velut
622 3686 733 3758 vicem
760 3685 917 3775 reddens,
951 3683 1048 3781 qudd
1075 3683 1215 3757 interro·

246 3807 409 3902 gantibus
438 3813 465 3847 “
485 3805 561 3901 quis
578 3804 791 3900 Capitolium
808 3804 1046 3892 incendiffet,”
1069 3801 1102 3875 se
1118 3829 1216 3877 reum

251 3926 390 4001 Atticus
408 3927 588 4000 obtulerat.
640 3910 1080 4023 anueconseffrone,s1ve
1094 3943 1216 4021 aptum
