3000 5144
440 481 841 554 Hrsron1nnunr
870 484 984 556 Lra.
1009 482 1070 557 IV.
1168 509 1237 584 253

270 659 299 696 “
317 652 510 724 vinciarum
537 653 700 752 sanguine
727 657 917 753 provincias
942 657 1059 730 vinci:
1088 682 1131 729 ne
1154 656 1240 728 Vin·

269 778 296 813 “
314 770 401 842 dicis
441 773 549 845 aciem
582 775 796 872 cogitarent:
839 781 968 849 Batavo
999 777 1128 872 equite,
1161 802 1240 872 pro·

270 897 298 932 “
315 889 410 961 tritos
428 892 565 964 AEduos
580 894 845 990 Arvernosque:
874 893 971 967 fuisse
987 894 1075 965 inter
1087 894 1240 990 Verginii

268 1009 442 1080 “auxilia
465 1012 608 1106 Belgas:
636 1015 786 1106 versque
804 1011 1056 1108 reputantibus,
1088 1012 1241 1084 Galliam

269 1123 452 1198 “suismet
480 1128 611 1201 viribus
637 1128 834 1201 concidisse.
884 1132 990 1201 Nunc
1012 1127 1145 1201 easdem
1163 1157 1240 1202 om-

270 1252 297 1286 “
316 1243 413 1316 nium
432 1267 558 1341 partes,
585 1247 757 1334 addit0,s1
778 1247 862 1342 quid
885 1247 1035 1319 militaris
1051 1246 1239 1343 disciplinae

269 1369 297 1404 “
315 1362 351 1433 in
369 1363 484 1435 castris
507 1369 746 1436 Romanorum
764 1364 937 1460 viguerit:
964 1368 1029 1437 effe
1046 1362 1161 1437 secum
1179 1391 1239 1438 ve-

269 1487 297 1522 “
316 1501 448 1552 teranas
465 1484 634 1570 cohortes,
653 1482 777 1577 quibus
796 1508 904 1577 nuper
921 1483 1069 1555 Othonis
1086 1483 1240 1580 legiones

269 1607 297 1642 “
316 1600 574 1696 procubuerint.
623 1600 794 1671 Servirent
816 1601 912 1696 Syria
930 1605 1093 1696 Asiaque,
1117 1607 1149 1673 &
1164 1603 1238 1675 sue-

268 1724 296 1759 “
313 1739 369 1789 tus
385 1719 524 1814 regibus
539 1718 662 1789 Oriens
679 1746 687 1788 :
716 1720 845 1789 multos
862 1720 975 1791 adhuc
998 1720 1033 1791 in
1056 1719 1169 1791 Gallia
1186 1719 1238 1791 vi·

267 1842 295 1879 “
314 1862 405 1924 vere,
431 1856 510 1908 ante
539 1836 665 1909 tributa
682 1836 825 1932 genitos.
876 1838 998 1932 Nuper
1015 1837 1121 1927 certe,
1153 1839 1239 1911 caeso

268 1962 295 1998 “
349 1955 504 2026 uindilio
517 1955 622 2042 Var0‚
649 1953 779 2049 pulsam
796 1979 815 2025 e
831 1954 1015 2027 Germanilt
1031 1953 1238 2028 servitutem.

267 2078 294 2114 “
312 2074 390 2145 Nec
421 2073 596 2144 Vitellium
632 2071 843 2168 Principem,
878 2071 935 2144 sed
963 2072 1130 2146 Caesarem
1160 2079 1237 2147 Au·

264 2197 292 2232 “
311 2192 450 2288 gustum
468 2192 559 2263 bello
579 2210 815 2287 provocatum.
864 2192 1078 2264 Libertatem
1103 2196 1235 2281 natura,

265 2316 293 2351 “
313 2310 416 2381 etiam
433 2309 538 2381 mutis
550 2309 768 2398 animalibus,
794 2311 922 2381 datam.
960 2310 1133 2382 Virtutem
1152 2336 1234 2405 pro·

266 2433 292 2468 “
313 2428 426 2524 prium
443 2427 625 2499 hominum
643 2430 785 2500 bonum.
835 2430 930 2500 Deos
953 2426 1149 2500 fortioribus
1174 2429 1235 2500 ad·

266 2551 293 2586 “
311 2545 387 2617 esse.
437 2545 588 2617 Proinde
612 2544 796 2640 arriperent
812 2546 926 2634 vacui,
952 2567 1151 2641 occupatos,
1180 2547 1234 2618 in-

265 2667 292 2704 “
311 2663 411 2759 tegri,
439 2662 562 2734 sessos:
589 2662 676 2734 dum
692 2663 749 2734 alii
766 2663 1021 2759 Vespasianum,
1050 2664 1106 2735 alii
1125 2664 1252 2766 Vitel-¹

265 2780 397 2851 “lium
426 2781 579 2870 foveant,
615 2800 731 2875 patere
764 2782 882 2852 locum
913 2780 1072 2854 adversus
1100 2802 1231 2854 utrum-

265 2905 293 2940 ί(
311 2900 417 2994 (με’),

311 3019 442 3089 XVIII.
468 3021 532 3090 Src
561 3018 597 3089 in
623 3017 752 3090 Gallias
770 3017 1039 3115 Germaniasque
1065 3019 1229 3108 intentus,

261 3139 284 3208 sr
301 3135 464 3207 destinata
482 3136 725 3231 provenissent,
752 3136 1032 3209 validissimarum
1055 3136 1231 3209 ditiffima·

262 3279 410 3348 rumque
427 3255 606 3326 nationum
623 3278 730 3350 regno
751 3253 966 3327 imminebat.
1016 3258 1066 3326 At
1088 3256 1231 3327 Flaccus

262 3371 501 3459 Hordeonius,
528 3371 656 3467 primos
682 3372 801 3443 Civilis
830 3393 971 3444 conatus
999 3397 1057 3468 per
1079 3372 1230 3444 diffimu·

260 3489 423 3561 lationem
447 3491 542 3561 aluit.
592 3490 666 3562 Ubi
687 3499 713 3531 “
731 3512 932 3587 expugnata
948 3490 1069 3577 castra,
1100 3490 1229 3562 deletas

262 3613 290 3648 “
309 3610 481 3694 cohortes,
510 3608 644 3702 pulsum
673 3612 877 3680 Batavorum
902 3607 1006 3681 insulal
1024 3612 1227 3680 Romanum

264 3731 292 3767 “
310 3728 478 3813 nomen,”
506 3725 630 3821 trepidi
648 3725 756 3798 nuntii
773 3728 982 3810 afferebant3
1007 3725 1227 3798 Mummium

258 3845 476 3940 Lupercum,
504 3846 655 3940 legatum
675 3844 721 3936 (is
744 3844 889 3916 duarum
918 3844 1093 3940 legionum
1109 3843 1224 3917 hiber·
