3000 5144
449 565 1079 649 Hrssomntruqunlll.
1182 574 1247 672 167

273 741 303 778 “
319 733 495 833 disjettam
509 737 637 811 Vitellii
666 738 787 814 aciem.
835 741 925 812 Duae
941 757 1024 812 tunc
1041 741 1248 817 Pannonicae

271 859 300 899 “
314 879 356 930 ac
368 858 525 934 Moeficae
543 859 605 934 alae
624 861 807 954 perrupere
822 858 968 930 hostem.
1008 859 1116 933 Nunc
1127 861 1246 935 sexde-

270 980 300 1018 “
317 975 386 1051 cim
414 978 547 1053 alarum
574 974 758 1072 conjuncta
787 981 895 1073 signa,
925 974 1023 1071 pulsu
1049 976 1245 1077 sonituque,

270 1098 298 1135 ‘⁴
318 1097 352 1167 δε
377 1097 471 1171 nube
497 1095 570 1192 ipsa
597 1096 751 1192 operient
778 1121 818 1168 ac
847 1091 1092 1192 superfundent
1119 1098 1245 1171 oblitos

270 1217 298 1255 “
318 1213 520 1308 proeliurum
536 1215 665 1312 equites
678 1213 863 1313 equosque.
913 1215 988 1287 Nifi
1015 1214 1093 1311 quis
1109 1215 1244 1305 retinet,

189 1319 192 1324 ’
270 1336 298 1377 “
314 1329 411 1405 idem
426 1330 536 1406 suasor
551 1336 737 1430 auctorque
753 1333 882 1406 consilii
900 1359 970 1406 ero.
1012 1336 1098 1422 Vos,
1118 1332 1245 1429 quibus

268 1455 296 1493 “
315 1446 455 1526 fortuna
472 1452 506 1524 in
523 1452 660 1549 integro
676 1453 736 1540 est,
765 1452 919 1549 legiones
945 1453 1131 1539 continete,
1157 1451 1246 1525 mihi

267 1573 296 1610 “
314 1569 483 1664 expeditae
501 1574 660 1644 cohortes
673 1568 849 1646 sufficient.
883 1574 965 1665 Jam
982 1569 1159 1645 reseratam
1176 1573 1244 1643 lta-

268 1691 297 1727 “
315 1687 409 1777 liam,
435 1688 598 1786 impulsas
616 1689 746 1763 Vitellii
763 1715 815 1763 res
839 1689 1008 1763 audietis:
1032 1687 1170 1785 juvabit
1195 1688 1245 1763 se·

173 1852 175 1858 ι
267 1810 296 1848 “
313 1806 388 1902 qui,
414 1812 448 1881 &
466 1808 618 1906 vestigiis
634 1808 803 1887 vincentis
820 1809 1004 1882 insistere.''

314 1927 376 1998 lll.
402 1929 504 2001 Hac
531 1933 565 2001 ὅτ
587 1927 681 2018 talia,
706 1931 852 2024 flagrans
876 1929 1002 2018 oculis,
1027 1929 1114 2001 truci
1140 1955 1240 2019 voce,

265 2042 338 2141 qud
354 2045 452 2123 lanus
464 2046 654 2135 audiretur,
673 2047 820 2142 (etenim
833 2047 865 2119 se
882 2047 1147 2121 centuriones&
1163 2048 1239 2145 qui-

263 2163 346 2235 dam
373 2161 527 2237 militum
556 2165 697 2240 consilio
720 2166 943 2260 miscuerant)
970 2165 1018 2239 ita
1039 2165 1175 2254 effudit,
1199 2187 1240 2239 ut

264 2301 382 2362 cautos
407 2308 547 2381 quoque
574 2309 614 2359 ac
636 2284 801 2380 providos
828 2305 1069 2380 permoveret3
1099 2287 1240 2382 vulgus,

265 2400 431 2490 &ceteri
450 2410 477 2446 “
497 2428 608 2477 unum
622 2403 739 2482 virum
752 2405 972 2503 ducemque''
989 2405 1096 2501 spreta
1116 2412 1142 2448 “
1156 2408 1241 2479 alio-

264 2526 292 2563 “
309 2546 387 2597 rum
409 2519 591 2619 segnitia,''
617 2522 776 2596 laudibus
800 2520 935 2596 ferrent.
986 2524 1092 2598 Hanc
1118 2522 1168 2596 sul
1189 2524 1239 2597 fa-

261 2665 356 2719 mam
372 2642 412 2717 ea
428 2639 542 2712 statim
569 2641 738 2714 concione
765 2662 1017 2732 commoverat,
1043 2645 1126 2739 qul,
1152 2643 1239 2716 reci·

261 2758 338 2838 tatis
354 2757 548 2854 Vespasiani
564 2759 728 2855 epistolis,
744 2786 828 2849 non,
859 2781 896 2832 ut
915 2759 1084 2856 plerique,
1106 2759 1239 2834 incerta

260 2876 428 2966 disseruit,
451 2879 520 2951 huc
537 2877 618 2953 illuc
634 2880 800 2952 tracturus
812 2878 1141 2975 interpretationem,
1159 2904 1239 2973 pro-

260 3017 298 3081 ut
315 2996 554 3082 conduxiffet3
580 2998 695 3093 aperte
713 2997 920 3070 descendisse
936 2997 972 3068 in
989 2997 1124 3069 causam
1141 2997 1239 3070 vide·

261 3118 360 3194 batur
377 3143 386 3187 ε
414 3115 526 3212 eoque
540 3116 668 3212 gratior
682 3115 847 3189 militibus
862 3138 945 3208 erat,
959 3117 1070 3212 culpae
1088 3116 1143 3188 vel
1161 3117 1237 3213 glo·

262 3232 320 3309 riae
338 3232 461 3305 socius.

309 3354 371 3424 lV.
397 3354 589 3426 Pooxms
609 3354 761 3426 Cornelii
778 3353 877 3426 Fusci
902 3353 1132 3449 procuratoris
1157 3379 1237 3426 auc-

260 3472 399 3546 toritas:
427 3472 455 3544 is
472 3499 614 3569 quoque
631 3473 854 3547 inclementer
871 3471 906 3544 in
925 3472 1103 3544 Vitellium
1121 3473 1237 3546 invehi
1314 3511 1320 3520 ·

259 3593 389 3681 solitus,
418 3593 503 3665 nihil
520 3591 589 3687 spei
612 3592 672 3664 fibi
689 3592 777 3664 inter
793 3589 931 3664 adversa
949 3592 1141 3687 reliquerat.
1190 3593 1237 3664 T.

259 3712 410 3809 Ampius
431 3710 631 3799 Flavianus,
664 3714 849 3784 naturane
878 3709 1008 3782 senecta
1037 3710 1236 3799 cundatior,

262 3831 466 3929 suspiciones
482 3829 633 3905 militum
652 3829 820 3918 inritabat,
850 3849 1029 3926 tamquam
1054 3829 1239 3913 adfinitatis

261 3977 344 4028 cum
372 3949 514 4024 Vitellio
543 3948 774 4023 meminisset:
803 3949 980 4047 idemque,
1003 3948 1112 4047 qudd,
1139 3975 1236 4046 coep·

716 4067 812 4159 M4
