2978 5144
328 594 373 692 36
456 576 458 580 ¹
509 586 552 660 C.
586 584 861 657 Corinnam
897 581 1107 655 Trieres

328 779 396 847 tus,
423 757 540 845 credo,
570 780 613 827 ne
641 756 767 828 multos
796 754 1001 841 offenderet,
1031 753 1055 823 fi
1081 774 1210 847 paucos
1244 775 1310 824 ex·

331 879 522 974 cerpsiffet:
560 893 686 971 quotus
717 872 810 945 enim
849 870 992 969 quisque
1024 868 1313 942 scholasticorum

331 1020 403 1068 non
420 997 485 1067 hac
502 992 559 1066 sua
576 991 786 1089 persnasrone
814 988 948 1081 fruitur,
976 1007 1014 1062 ut
1041 988 1074 1061 se
1099 1007 1179 1060 ante
1201 987 1308 1060 Cice-

331 1138 456 1186 sonem
472 1130 643 1198 numeret,
668 1110 725 1182 sed
744 1108 844 1206 plane
865 1109 942 1204 post
965 1107 1230 1181 Gabinianum?

382 1233 535 1305 XXVII.
562 1234 621 1301 Ar
640 1253 708 1325 ego
726 1254 798 1299 non
816 1229 958 1299 verebor
984 1225 1162 1298 nominare
1191 1229 1309 1323 fingu·
1375 1253 1381 1262 ·

334 1352 400 1438 los,
437 1347 509 1444 quo
536 1345 681 1433 facilius,
711 1345 887 1442 propositis
913 1344 1095 1441 exemplis,
1127 1366 1311 1440 appareat,

335 1467 463 1563 quibus
481 1465 646 1562 gradibus
661 1463 765 1537 stada
790 1467 827 1536 s1t
851 1468 884 1538 δι
906 1462 1083 1537 deminuta
1100 1463 1311 1558 eloquentia.

334 1591 556 1681 Appropera,
590 1583 702 1679 inquit
732 1585 916 1672 Maternus,
951 1588 985 1655 δι
1016 1582 1129 1678 potius
1167 1578 1312 1654 exsolve

335 1702 563 1800 promissum:
591 1727 704 1798 neque
720 1702 813 1776 enim
829 1704 897 1774 hoc
922 1700 1039 1798 colligi
1062 1699 1310 1790 desideramus,

333 1819 522 1893 disertiores
538 1821 604 1893 esse
627 1821 802 1917 antiquos,
831 1820 929 1916 quod
945 1820 1039 1915 apud
1061 1844 1118 1891 me
1145 1817 1312 1914 equidem

336 1938 373 2010 in
401 1937 552 2011 confesso
579 1938 642 2027 est,
673 1937 730 2011 sed
763 1937 876 2012 causas
905 1936 1133 2034 exquirimus,
1163 1963 1249 2034 quas
1278 1958 1313 2010 te
1373 1964 1379 1979 ·

336 2056 474 2130 solitum
503 2059 660 2147 tractare,
692 2059 809 2153 paullo
833 2056 925 2147 ante,
960 2056 1060 2151 plane
1077 2054 1210 2129 mitiore
1238 2057 1313 2129 elo·

338 2177 493 2274 quentia,
521 2180 774 2270 &temporum
792 2175 1001 2264 nostromm,
1029 2178 1183 2262 miratus,
1212 2195 1313 2248 ante·

337 2320 444 2390 quam
469 2314 502 2365 te
519 2297 618 2388 Aper
642 2293 833 2365 offenderet
848 2291 994 2390 majores
1011 2313 1087 2365 tuos
1108 2295 1313 2367 lacessendo.

336 2414 422 2484 Non
450 2409 539 2496 sum,
572 2412 689 2506 inquit,
718 2411 865 2484 offensus
896 2411 1028 2508 Aprina
1054 2410 1311 2508 disputatione3

335 2554 401 2602 nec
418 2553 479 2601 vos
496 2528 626 2600 offendi
643 2530 795 2620 decebit,
827 2534 850 2605 fi
867 2531 953 2627 quid
970 2530 1056 2604 sorte
1072 2557 1168 2604 aures
1184 2531 1314 2606 vestras

335 2646 536 2745 perstringet
551 2675 562 2732 ;
596 2648 677 2720 etim
707 2648 815 2720 sciatis
843 2651 932 2722 hanc
957 2652 1024 2722 esse
1050 2647 1215 2744 ejusmodi
1243 2648 1313 2723 ser-

335 2793 484 2841 monum
511 2769 640 2863 Iegem,
665 2766 841 2864 judicium
875 2768 996 2859 animi,
1030 2769 1112 2842 citra
1139 2771 1313 2843 damnum

336 2886 493 2973 effeetus,
537 2883 697 2980 proferre.
755 2888 881 2983 Perge,
917 2886 1028 2984 inquit
1060 2888 1243 2977 Maternus,
1278 2893 1315 2962 δι

336 3005 418 3076 ciam
440 3005 484 3075 de
508 3003 656 3099 antiquis
675 3004 837 3100 loquaris,
863 3025 955 3077 utere
983 3009 1123 3103 antiqua
1139 3006 1312 3097 libertate,

337 3148 359 3193 a
386 3125 455 3218 qua
483 3123 538 3193 vel
564 3121 675 3218 magis
707 3123 1006 3220 degeneravimus,
1034 3126 1142 3223 quam
1169 3128 1214 3198 ab
1239 3128 1314 3199 elo-

339 3241 492 3338 quentia.

385 3361 559 3433 XXVIII.
586 3361 643 3430 Er
658 3359 805 3451 Mefflsla,
823 3387 894 3434 non
908 3362 1112 3451 reconditas,
1134 3365 1311 3455 Materne,

339 3477 455 3551 causas
473 3477 627 3574 requiris,
648 3503 711 3550 nec
724 3498 782 3550 aut
799 3479 861 3553 tibi
878 3480 952 3576 ipsi,
971 3481 1118 3553 authuic
1135 3483 1312 3571 secundo,

339 3599 396 3670 vel
413 3598 493 3669 hnic
512 3602 610 3691 Apro
632 3595 778 3692 ignotas,
808 3597 934 3672 etiamsi
953 3600 1038 3672 mihi
1064 3621 1177 3697 partes
1194 3601 1309 3698 adfig-

337 3715 424 3789 natis
440 3702 641 3811 proferendi
656 3715 691 3785 in
714 3716 884 3806 medium,
908 3743 985 3814 quae
1001 3744 1122 3791 omnes
1139 3719 1315 3792 sentimus.

338 3833 427 3927 Quis
440 3832 533 3905 enim
550 3831 687 3929 ignorat
705 3837 738 3906 &
754 3836 1001 3931 eloquentiam,
1020 3841 1192 3910 &ceteras
1209 3857 1314 3927 artes,

338 3950 512 4029 descivisse
529 3953 574 4027 ab
592 3951 654 4027 ists
677 3972 791 4026 vetere
814 3954 938 4055 gloria,
964 3981 1035 4037 non
1059 3955 1174 4055 inopia
1199 3957 1316 4029 homi·
