3000 5144
367 566 438 634 240
598 537 640 611 C.
672 534 1165 610 ConsarrrTncrrr

367 711 669 800 conclamationes,
697 717 731 786 δι
755 713 889 785 fortuna
912 732 1020 810 captae
1044 710 1163 784 urbis:
1195 706 1282 781 adeo
1298 723 1338 780 ut

366 831 557 904 Othoniani
576 830 820 927 Vitellianique
838 830 954 903 militis
979 827 1144 902 invidiosa
1161 840 1260 899 antea
1275 852 1336 923 pe·

367 952 508 1026 tulantia
524 950 776 1024 desideraretur.
826 951 942 1022 Duces
965 948 1126 1045 partium,
1144 947 1335 1020 accenden-

365 1072 413 1143 do
437 1069 529 1143 civili
546 1069 639 1141 bello
662 1093 768 1157 acres,
798 1068 1032 1164 temperandae
1058 1065 1208 1138 :istoriae
1225 1065 1336 1161 impa-

366 1215 440 1261 res:
467 1188 596 1285 quippe
612 1186 648 1258 in
672 1188 788 1260 turbas
805 1192 838 1259 δι
855 1184 1038 1258 discordias
1055 1187 1196 1280 pessimo
1213 1184 1338 1280 cuique

366 1306 515 1404 plurima
531 1305 604 1378 vis:
634 1330 702 1403 pax
721 1309 754 1378 δι
773 1305 869 1401 quies
886 1304 986 1377 bonis
1004 1303 1131 1376 artibus
1145 1303 1318 1401 indigent.

415 1428 461 1498 ll.
485 1427 635 1497 Nomen
654 1411 839 1521 sedemque
855 1423 1008 1512 Caesaris,
1037 1423 1257 1497 Domitianus
1279 1448 1335 1495 ac·

368 1566 503 1641 ceperat
518 1572 528 1629 ;
548 1543 705 1614 nondum
721 1544 764 1616 ad
782 1568 879 1616 curas
896 1542 1057 1631 intentus,
1082 1541 1137 1614 sed
1155 1541 1277 1638 stupris
1303 1545 1337 1614 δι

368 1650 542 1736 adulteriis
584 1660 695 1734 filium
736 1660 905 1757 Principis
944 1663 1080 1758 agebat.
1132 1659 1338 1734 Praeseslura

370 1781 534 1879 praetorii,
549 1804 653 1875 penes
671 1779 814 1853 Arrium
831 1782 963 1852 Varum
981 1807 989 1850 :
1008 1778 1142 1852 summa
1161 1779 1336 1875 potentiae,

368 1899 405 1971 in
433 1899 552 1970 Primo
582 1898 760 1972 Antonio:
792 1899 819 1970 is
845 1897 1028 1993 pecuniam
1051 1897 1287 1994 familiamque
1319 1921 1339 1970 e

367 2017 536 2115 Principis
561 2017 684 2107 domu,
710 2021 802 2114 quasi
819 2017 1083 2090 Cremonensem
1101 2017 1266 2113 praedam,
1284 2042 1338 2091 ra·

367 2161 474 2234 pere:
499 2137 600 2208 ceteri
616 2135 795 2225 modestis,
814 2138 870 2208 vel
883 2134 1110 2233 ignobilitate,
1134 2135 1224 2209 utin
1246 2135 1339 2207 bello

367 2253 516 2341 obscuri,
535 2253 582 2325 ita
600 2253 821 2349 praemiorum
836 2275 1004 2350 expertes.
1053 2232 1181 2328 Civitas
1193 2251 1336 2350 pavida,

368 2378 403 2447 δι
429 2370 561 2444 servitio
587 2392 716 2467 parata,
746 2378 773 2416 “
790 2372 951 2469 occupari
985 2374 1185 2447 redeuntem
1214 2373 1343 2447 Tarra-

370 2499 397 2534 “
415 2491 493 2564 cind
513 2492 559 2563 L.
576 2487 754 2563 Vitellium
771 2515 853 2565 cum
870 2493 1082 2582 cohortibus,
1096 2492 1339 2590 exstinguique

370 2617 397 2654 “
416 2609 548 2707 reliqua
581 2607 704 2699 belli,''
739 2609 942 2706 postulabat.
991 2610 1155 2685 Praemiffi
1185 2611 1341 2684 Ariciam

368 2729 524 2827 equites:
563 2753 691 2826 agmen
722 2728 901 2827 legionum
938 2729 1027 2804 intra
1057 2730 1207 2803 Bovillas
1237 2729 1338 2802 stetit.

368 2851 446 2922 Nec
464 2850 639 2922 cuneatus
662 2847 709 2921 est
725 2846 897 2935 Vitellius,
922 2846 1024 2944 seque
1048 2853 1081 2922 δε
1104 2850 1261 2922 cohortes
1286 2871 1339 2919 ar·

368 2967 472 3040 bitrio
489 2966 625 3040 victoris
643 2967 849 3062 permittere.
899 2969 944 3039 Et
958 2967 1054 3040 miles
1071 2965 1219 3041 infelicia
1231 2994 1338 3056 arma,

370 3086 465 3158 haud
481 3085 595 3158 minirs
617 3085 678 3173 irai,
698 3086 806 3181 quam
822 3105 916 3157 metu
935 3085 1069 3183 abjecit.
1119 3089 1265 3182 Longus
1282 3087 1343 3159 de·

368 3204 521 3277 dirorum
538 3205 636 3291 ord0,
663 3202 773 3298 septus
790 3203 942 3292 armatis,
970 3230 1029 3299 per
1045 3208 1182 3279 Urbem
1199 3204 1340 3278 incessit.

369 3326 487 3395 Nemo
503 3321 646 3419 supplici
663 3325 774 3410 vultu,
786 3321 842 3394 sed
859 3323 962 3394 tristes
981 3329 1012 3396 δι
1027 3344 1151 3412 truces,
1167 3306 1204 3396 δὲ
1219 3325 1339 3397 adver-

369 3444 447 3515 sbm
465 3441 598 3537 plausus
622 3468 660 3514 ac
687 3440 856 3514 lasciviam
881 3440 1069 3515 insultantis
1094 3441 1190 3538 vulgi
1214 3442 1340 3514 immo-

369 3561 472 3635 biles:
500 3587 625 3655 paucos
643 3585 824 3654 erumpere
834 3558 942 3649 ausos,
954 3559 1160 3654 circumjesli
1172 3559 1338 3654 pressere:

370 3678 473 3752 ceteri
499 3679 535 3748 in
565 3678 754 3750 custodiam
784 3679 924 3751 conditi.
974 3679 1073 3750 Nihil
1092 3678 1271 3775 quisquam
1288 3679 1343 3750 lo-

370 3816 469 3869 cutus
484 3795 682 3892 indignum,
696 3802 743 3883 dr,
759 3822 971 3893 quamquam
989 3798 1074 3869 inter
1086 3797 1236 3885 adversa,
1250 3798 1341 3869 salva

368 3915 503 3988 virtutis
527 3913 630 3988 sama.
680 3914 771 3988 Dein
789 3918 835 3989 L.
862 3915 1017 3990 Vitellius
1040 3917 1253 4005 interficitur,
1279 3941 1342 4012 par
