3000 5144
343 588 366 663 6
557 582 1104 660 C.Connna1tTactr1

338 782 380 834 ac
397 760 629 834 recordatione
645 788 733 858 opus
750 762 810 850 est,
835 780 874 834 ut
895 786 974 858 quae
998 784 1018 831 a
1039 757 1318 855 praestantisfimis

340 878 421 952 viris
434 883 467 951 ἃ
480 880 673 977 excogitata
688 878 898 953 subtiliter&
911 875 1316 975 dietagraviteraccepi,

340 994 422 1072 cun
450 999 573 1095 singuli
600 998 760 1087 diversas,
786 1000 842 1071 vel
869 995 1018 1086 easdem,
1042 993 1100 1068 sed
1121 995 1320 1093 probabiles

341 1116 457 1187 causas
482 1118 656 1206 afferrent,
680 1118 766 1189 dum
785 1115 931 1189 formam
954 1112 1002 1188 sui
1028 1111 1171 1212 quisque
1187 1116 1222 1185 δι
1239 1112 1317 1185 ani-

340 1234 404 1323 mi,
424 1239 457 1307 &
481 1235 611 1332 ingenii
631 1236 799 1324 redderet,
817 1232 936 1307 iisdem
960 1257 1054 1306 nunc
1072 1231 1237 1321 numeris,
1260 1231 1317 1304 iis-

341 1354 493 1449 demque
516 1352 698 1428 rationibus
720 1350 914 1449 persequar,
943 1350 1074 1425 servato
1099 1350 1224 1423 ordine
1246 1346 1315 1420 dis-

343 1472 546 1569 putationis:
574 1496 686 1569 neque
702 1471 797 1545 enim
812 1470 937 1561 defuit,
961 1470 1021 1567 qui
1041 1466 1210 1543 diversam
1226 1493 1316 1565 quo·

346 1616 415 1687 que
432 1612 564 1687 partem
592 1587 782 1687 susciperet,
798 1615 839 1664 ac
855 1590 1005 1663 multum
1022 1590 1146 1661 vexata
1163 1592 1196 1661 δι
1215 1586 1318 1660 inrisa

341 1710 522 1797 vetustate,
540 1706 732 1782 nostrorum
749 1728 948 1805 temporum
971 1706 1202 1805 eloquentiam
1226 1705 1317 1780 anti·

341 1853 493 1924 quorum
512 1826 657 1926 ingeniis
674 1826 865 1899 anteferret.

390 1948 437 2018 ΙΙ.
462 1948 561 2018 Nau
586 1946 719 2043 postero
734 1944 806 2034 die,
832 1944 939 2042 quam
964 1942 1125 2017 Curiatius
1142 1943 1317 2015 Maternus

343 2066 512 2138 Catonern
548 2065 756 2153 recitaverat,
790 2064 871 2136 ciam
904 2063 1082 2136 offendiffe
1119 2060 1317 2159 potentium

342 2183 477 2257 animos
493 2184 678 2271 diceretur,
706 2204 884 2279 tamquam
900 2184 935 2254 in
952 2207 994 2256 eo
1011 2180 1190 2279 ttagoediae
1213 2205 1320 2278 argu·

343 2322 463 2375 mento
480 2300 529 2373 sui
546 2301 686 2387 oblitus,
703 2302 840 2374 tantiam
861 2302 1033 2374 Catonern
1048 2300 1239 2398 cogitaffet,
1261 2302 1319 2373 ea-

342 2443 413 2517 que
440 2419 485 2490 de
507 2441 542 2489 re
565 2442 626 2511 per
646 2419 784 2490 Urbem
805 2420 967 2515 frequens
987 2418 1098 2491 sermo
1121 2419 1320 2508 haberetur,

349 2557 519 2611 venerunt
536 2538 581 2609 ad
597 2560 678 2608 eum
694 2539 747 2606 M.
766 2536 865 2632 Aper,
889 2542 923 2611 ἃ
939 2537 1050 2629 Julius
1065 2538 1231 2624 Secundus,
1258 2562 1318 2610 ce·

344 2656 527 2730 leberrima
549 2675 627 2727 turn
654 2654 793 2753 ingenia
819 2651 885 2727 fori
912 2656 1041 2729 nostri:
1072 2681 1162 2755 quoa
1189 2680 1258 2755 ego
1282 2655 1321 2729 in

339 2774 482 2874 judiciis
513 2774 589 2848 non'
615 2772 775 2873 utrosque
803 2772 912 2846 modd
938 2774 1087 2847 studiose
1114 2774 1318 2865 audiebam,

344 2894 400 2966 scd
425 2894 521 2966 domi
547 2918 688 2991 quoque
713 2898 746 2966 ἃ
768 2892 804 2963 in
827 2892 969 2988 publico
993 2894 1200 2981 adsectabar,
1231 2893 1321 2967 mir&

345 3012 538 3085 studiorum
558 3012 761 3108 cupiditate,
785 3015 818 3082 δι
843 3010 997 3106 quodam
1021 3012 1143 3082 ardore
1156 3008 1319 3106 juvenili,

345 3151 384 3203 ut
409 3131 540 3203 fabulas
557 3155 696 3227 quoque
713 3153 849 3217 eorum,
880 3133 913 3200 δι
930 3128 1189 3224 disputationes,
1215 3134 1248 3202 δι
1267 3157 1321 3202 ar·

346 3275 431 3322 cana
454 3247 590 3321 sctttotae
607 3247 763 3320 didionis
783 3247 917 3343 penitus
941 3248 1161 3343 exciperem:
1193 3274 1320 3344 quam·

346 3369 399 3440 vis
428 3368 579 3464 maligne
608 3367 761 3463 plerique
789 3367 1026 3462 opinarentur,
1062 3391 1126 3438 nec
1158 3369 1322 3442 Secundo

350 3506 554 3584 promptum
576 3488 641 3558 effe
664 3486 869 3573 sermonem,
889 3490 922 3556 u
942 3489 1080 3581 Aprum
1098 3484 1239 3581 ingenio
1257 3513 1322 3583 po-

348 3606 416 3678 tius
437 3610 469 3676 δι
498 3605 534 3676 vi
564 3624 706 3693 naturae,
734 3605 841 3700 quam
867 3602 1076 3676 institutione
1093 3607 1125 3675 δι
1143 3603 1250 3677 literis
1267 3604 1320 3679 fa-

350 3748 445 3796 mam
472 3722 678 3819 eloquentiae
700 3722 933 3796 consecutum.
982 3724 1078 3795 Nam
1100 3724 1134 3791 bt
1159 3724 1323 3797 Secundo

350 3868 469 3939 purus,
495 3847 528 3914 ὃ(
556 3844 697 3939 pressus,
716 3846 764 3931 ἃ,
791 3842 825 3913 in
843 3862 1013 3937 quantum
1037 3840 1113 3913 satis
1130 3861 1216 3930 erat,
1242 3867 1324 3938 pro·

351 3964 461 4034 fluens
477 3958 586 4033 sermo
608 3986 679 4035 non
695 3958 828 4036 debut:
860 3964 893 4036 ὅ(
918 3966 1016 4058 Aper
1036 3960 1216 4035 communi
1243 3986 1322 4035 eru-
