3000 5144
330 596 397 646 100
557 570 1115 646 C.Conuat11Tnc1rt

327 749 432 821 nandi
448 749 570 822 ardore
583 749 689 847 usque
706 752 750 823 ad
767 749 966 824 seditionem
985 748 1209 846 progressam,
1233 749 1297 820 Be·

325 867 429 940 briaci
456 869 543 940 sistit.
594 872 684 941 Inter
710 873 883 942 Veronam
909 870 1191 965 Cremonamque
1220 869 1299 939 satus

325 988 375 1058 est
403 987 513 1076 vicus,
542 989 677 1061 duabus
696 987 769 1086 jam
800 987 970 1061 Romanis
999 987 1153 1060 cladibus
1183 1003 1299 1074 notuS,

324 1103 566 1203 insarrstusque.
617 1106 740 1179 Iisdem
767 1106 902 1194 diebus,
942 1131 963 1178 a
991 1105 1122 1179 Martio
1153 1107 1295 1193 Macm,

326 1225 419 1296 haud
438 1227 559 1320 procul
576 1227 762 1314 Cremona,
782 1225 938 1322 prospere
956 1243 1173 1321 pugnatum:
1200 1248 1298 1295 nam-

326 1369 394 1440 que
412 1364 591 1440 promptus
608 1344 713 1417 animi
733 1344 894 1431 Martius,
923 1341 1128 1415 transvestos
1153 1341 1300 1414 navibus

326 1464 545 1560 gladiatores,
570 1463 604 1534 in
622 1461 797 1535 adversam
823 1463 910 1534 Padi
931 1462 1057 1558 ripam,
1084 1461 1223 1557 repente
1247 1459 1296 1532 ef-

323 1581 424 1655 fudit.
474 1584 626 1655 Turbata
643 1575 689 1655 ibi
714 1581 977 1654 Vitellianorum
996 1579 1136 1668 auxilia,
1156 1583 1189 1650 δι
1206 1597 1298 1652 cete-

323 1701 368 1774 ris
401 1703 608 1773 Cremonam
646 1698 873 1797 fugientibus,
907 1705 980 1773 caesr
1009 1700 1069 1798 qui
1101 1698 1298 1772 restiterant.

272 1864 277 1871 -
323 1821 391 1892 Sed
419 1822 582 1916 repressus
600 1818 816 1892 vincentium
833 1819 996 1916 impetus,
1027 1844 1071 1891 ne
1095 1817 1194 1891 novis
1219 1814 1298 1889 sub-

324 1938 413 2010 fidiis
448 1938 573 2010 firmati
603 1940 727 2027 hostes,
758 1938 931 2012 fortunam
964 1938 1078 2036 proelii
1112 1956 1297 2011 mutarent.

324 2056 523 2153 Suspestum
541 2057 577 2130 id
595 2057 801 2131 Othonianis
818 2057 896 2146 fuit,
926 2057 1042 2153 omqia
1068 2071 1298 2154 quaecumque

323 2175 412 2248 sada
439 2176 541 2270 prave
570 2176 827 2249 aestimantibus.
878 2177 1059 2266 Certatim,
1085 2196 1124 2248 ut
1153 2172 1297 2273 quisque

322 2295 440 2367 animo
465 2293 624 2390 ignavus,
656 2320 785 2390 procax
801 2321 872 2384 ore,
900 2295 1057 2368 Annium
1074 2296 1230 2383 Gallum,
1262 2298 1297 2366 δι

323 2412 524 2486 Suetonium
549 2412 761 2501 Paullinum,
793 2417 826 2486 δι
851 2414 1005 2486 Marium
1033 2412 1171 2487 Celsum
1195 2400 1297 2509 (nam

322 2558 381 2606 eos
393 2530 488 2604 Otho
505 2555 645 2628 quoque
663 2531 876 2628 praesecerat)
904 2532 1004 2605 variis
1021 2531 1221 2606 criminibus
1242 2531 1295 2602 in*

255 2669 258 2675 '
321 2654 499 2726 cedebant.
550 2650 729 2722 Acerrima
753 2651 959 2725 seditionum
976 2678 1016 2724 ac
1037 2650 1216 2725 discordiae
1241 2651 1295 2724 in·

322 2770 520 2860 citamenta,
553 2768 780 2842 interfectores
806 2772 953 2844 Galbae:
988 2770 1172 2844 scelere&
1201 2790 1297 2844 metu

321 2893 500 2979 vecordes,
527 2888 667 2960 miscere
694 2891 829 2976 cunda,
867 2870 974 2961 modi)
1003 2890 1117 2985 palam
1147 2889 1296 2963 turbidis

320 3010 480 3102 vocibuS‚
511 3007 618 3080 modd
645 3009 788 3080 occultis
811 3009 855 3080 ad
876 3011 1055 3081 Othonem
1077 3009 1204 3082 literis:
1234 3009 1296 3107 qui

319 3129 517 3202 humillimo
534 3127 658 3224 cuique
673 3129 845 3217 credulus,
864 3130 974 3202 bonos
992 3148 1162 3218 metuens,
1189 3128 1294 3224 trepi-

318 3250 423 3322 dabat
437 3278 448 3333 ;
480 3249 579 3319 rebus
609 3245 773 3343 prosperis
795 3246 956 3338 incertus,
987 3253 1021 3321 &
1045 3249 1134 3320 inter
1155 3247 1295 3321 adversa

319 3367 451 3439 melior.
500 3366 607 3463 Igitur
631 3365 811 3436 Titianum
836 3363 974 3440 fratrem
1003 3367 1169 3455 accitum,
1199 3368 1294 3439 bello

319 3482 509 3579 praeposuit.
559 3486 704 3573 Interea,
735 3485 881 3557 Paullini
910 3490 942 3559 δι
973 3487 1059 3559 Celsi
1088 3487 1210 3577 dudo,
1240 3512 1292 3559 res

319 3603 467 3698 egregiae
487 3602 598 3696 gestae.

366 3721 500 3790 XXIV.
538 3725 761 3793 Auonnnur
795 3722 983 3814 Caecinam,
1019 3749 1064 3797 ne
1098 3723 1292 3821 quidquam

318 3835 435 3906 omnia
461 3856 588 3931 coepta,
627 3837 858 3913 &senescens
886 3843 1054 3917 exercitiis
1089 3843 1137 3915 sui
1170 3842 1289 3916 fama:

319 3950 432 4046 pulsus
450 3953 637 4046 Placentia,
668 3961 759 4031 caesrs
782 3985 894 4058 nuper
920 3961 1079 4057 auxihis,
1103 3962 1208 4037 etiam
1232 3989 1293 4062 per
