3000 5144
432 559 820 633 Hrsroxtnnou
854 563 962 635 Lrn.
996 562 1043 636 ll.
1172 586 1236 661 147

263 732 469 832 sparguntur
491 760 551 830 per
567 733 696 807 Gallias
714 735 842 823 literae3
873 758 1124 833 momentoque
1146 757 1234 810 tem·

263 851 356 949 poris
372 854 541 949 flagrabat
558 853 680 950 ingens
698 857 842 946 bellum,
868 855 1012 949 Illyricis
1030 856 1236 930 exercitibus

263 972 380 1067 palam
395 969 671 1061 desciscentibus,
691 973 809 1046 ceteris
826 971 999 1046 fortunam
1017 972 1193 1047 secuturis.

310 1092 538 1164 LXXXVII.
564 1093 661 1163 Dum
679 1093 768 1180 lraec,
799 1117 860 1188 per
884 1092 1089 1187 provincias,
1116 1093 1235 1164 aVes·

261 1212 396 1306 pafiano
426 1208 640 1307 ducibusque
673 1210 820 1306 partium
855 1230 1046 1307 geruntur3
1077 1211 1234 1284 Vitellius

262 1328 495 1424 contemptior
516 1328 642 1402 indies
660 1329 877 1428 segniorque,
893 1331 936 1401 ad
954 1354 1075 1402 omnes
1090 1331 1236 1403 munici-

263 1447 401 1543 piorum
434 1448 667 1545 villarumque
694 1448 912 1521 amoenitates
945 1447 1109 1536 resrstens‚
1141 1451 1236 1546 gravi

262 1568 399 1639 Urbem
425 1567 565 1666 agmine
592 1569 740 1663 petebat.
788 1565 976 1663 Sexaginta
1001 1567 1108 1639 millia
1125 1593 1236 1642 anna·

262 1704 377 1758 torum
400 1685 642 1783 sequebantur,
673 1684 808 1757 licential
832 1705 1001 1782 corrupta.
1061 1687 1235 1761 Colonum

262 1828 425 1876 numerus
440 1804 611 1901 amplior3
635 1803 878 1900 procaciffimis
896 1804 1001 1876 etiam
1017 1805 1106 1879 inter
1122 1805 1235 1880 servos

262 1924 411 1997 lixarum
444 1923 615 2022 ingeniis:
653 1943 703 1995 tot
735 1923 930 2020 legatorum
967 1924 1234 2024 amicorumque

261 2043 443 2116 comitatus
465 2042 625 2115 inhabilis
648 2044 692 2114 ad
710 2043 920 2138 parendum,
944 2041 1046 2114 etiam
1065 2043 1236 2119 fisummfi

262 2161 429 2235 modestia
446 2181 629 2258 regeretur.
677 2163 877 2234 Onerabant
895 2161 1153 2234 multitudinem
1170 2167 1235 2237 ob-

261 2281 310 2354 vii
326 2307 371 2355 ex
388 2284 488 2354 Urbe
510 2280 678 2353 senatores
703 2278 925 2377 equitesque:
955 2280 1098 2376 quidam
1124 2303 1234 2373 metu,

261 2380 362 2473 inulti
390 2424 451 2496 per
468 2399 717 2487 adulationem,
746 2399 864 2488 ceteri,
894 2425 933 2472 ac
953 2402 1131 2496 paullatim
1154 2429 1234 2476 orn-

262 2544 335 2611 nes,
367 2542 425 2609 ne,
459 2517 532 2591 aliis
565 2518 871 2613 proficiscentibus,
913 2519 974 2615 ipsi
1008 2542 1234 2594 remanerent.

261 2640 597 2736 Aggregabanture
626 2638 740 2732 plebe,
775 2636 944 2733 flagitiosa
978 2663 1039 2732 per
1071 2640 1236 2737 obsequia

261 2757 400 2830 Vitellio
417 2756 562 2854 cogniti,
588 2753 723 2843 scurrae,
741 2754 930 2843 histriones,
948 2757 1090 2853 aurigae,
1109 2760 1235 2854 quibus

262 2876 320 2948 ille
340 2876 568 2949 amicitiarum
593 2873 905 2946 dehonestamentis
930 2873 1015 2945 mire
1049 2878 1234 2972 gaudebat.

260 2997 339 3069 Nec
358 2994 502 3069 coloniae
520 2993 641 3082 modb,
671 3013 730 3064 aut
754 2992 958 3089 municipia,
986 2995 1152 3091 congestu
1175 3023 1235 3069 co-

263 3114 413 3211 piarum,
433 3113 490 3187 sed
520 3114 580 3210 ipsr
613 3114 774 3200 cultores,
801 3137 968 3208 arvaque,
998 3113 1174 3212 maturisj
1199 3141 1235 3189 tn

262 3230 432 3330 frugibus,
451 3253 488 3306 ut
505 3232 625 3304 hostile
643 3230 767 3317 solum,
787 3229 1017 3303 vastabantur.

309 3355 551 3426 LXXXVlll.
566 3356 728 3425 Musam
746 3356 779 3421 &
797 3371 927 3421 atroces
938 3349 1025 3421 inter
1039 3347 1070 3421 se
1086 3349 1237 3425 militum

261 3473 387 3560 caedes,
417 3471 492 3569 post
517 3469 715 3542 seditionem
738 3466 855 3538 Ticini
874 3487 1048 3563 coeptam;
1078 3490 1237 3543 manente

262 3591 439 3688 legionum
458 3589 735 3683 auxiliorumque
763 3584 954 3670 discordi&
985 3586 1046 3658 ubi
1075 3587 1237 3660 adversiis

308 3735 415 3807 ganos
445 3709 648 3782 certandum
684 3704 784 3793 soret,
819 3701 992 3776 consensu.
1057 3706 1123 3777 Sed
1158 3707 1235 3801 plu-

261 3828 350 3900 rima
367 3829 507 3924 strages,
524 3828 568 3898 ad
585 3824 769 3921 septimum
788 3827 832 3895 ab
848 3825 947 3896 Urbe
964 3821 1114 3917 lapidem
1131 3850 1140 3894 ε
1171 3826 1237 3896 sm-

264 3948 353 4047 gulis
376 3947 426 4022 ibi
441 3945 610 4021 militibus
635 3941 793 4014 Vitellius
817 3961 953 4041 paratos
969 3941 1078 4033 cibos,
1107 3961 1146 4014 ut
1163 3945 1235 4042 gla-

698 4062 779 4134 La
