3000 5144
435 480 825 565 Hrsronrnnont
867 488 976 565 Ltn.
1008 484 1037 564 I.
1185 510 1230 590 33

263 661 377 740 attulit
406 680 541 758 tempus
569 688 610 736 ac
638 664 748 752 locus,
771 664 864 761 quia,
892 663 989 736 initio
1006 661 1109 736 caedis
1138 683 1229 752 ortu,

262 781 408 854 difficilis
437 782 562 854 modus
578 780 602 853 ε’
619 787 652 855 &
685 784 869 855 turbavere
900 783 1078 855 confilium
1106 779 1232 878 trepidi

261 900 385 989 nuntii,
404 925 444 973 ac
457 899 699 996 proximorum
713 900 872 998 diffugia,
891 900 1136 998 languentibus
1152 925 1230 971 om·

262 1017 359 1090 nium
388 1018 521 1107 studiis,
549 1019 610 1115 qui
633 1009 746 1115 primi)
762 1022 891 1092 alacres
907 1021 1016 1091 fidem
1032 1039 1135 1115 atque
1156 1015 1230 1090 ani·

260 1161 362 1209 mum
387 1137 647 1210 ostentaverant.

311 1256 393 1327 XL.
430 1261 651 1328 Aotunrurt
669 1258 738 1330 huc
754 1256 837 1329 illuc
858 1259 984 1345 Galba,
1003 1257 1102 1329 vario
1120 1258 1231 1329 turbae

261 1373 459 1447 fluduantis
484 1373 658 1470 impulsu;
684 1376 864 1472 completis
899 1376 1055 1472 undique
1088 1373 1231 1447 balilicis

261 1515 303 1564 ac
319 1492 471 1589 templis,
490 1493 629 1591 lugubri
648 1494 851 1591 prospedu:
878 1520 991 1591 neque
1010 1492 1146 1590 populi,
1173 1506 1233 1565 aut

238 1617 240 1621 ‘
264 1611 374 1708 plebis
403 1614 472 1686 ulla
487 1639 583 1688 vox:
614 1614 670 1686 sed
687 1613 822 1687 attoniti
843 1615 974 1704 vultus,
999 1618 1032 1686 ἃ
1061 1610 1233 1685 conversae

261 1731 308 1802 ad
324 1731 440 1804 omnia
455 1757 577 1805 aures:
608 1758 680 1804 non
696 1734 878 1821 tumultus,
898 1758 969 1804 non
986 1731 1102 1829 quies:
1130 1730 1232 1826 quale

261 1849 382 1945 magni
399 1851 559 1924 metris&
577 1876 714 1948 magnae
731 1851 789 1924 irae
807 1850 975 1924 silentium
992 1850 1050 1922 est.
1098 1848 1232 1921 Othoni
1267 1849 1269 1852 ’

262 1985 379 2039 tamen
410 1968 575 2040 “armari
593 1971 755 2066 plebem’'
783 1969 1017 2043 nuntiabatur.
1067 1970 1121 2041 lre
1143 1993 1231 2064 prae·

261 2084 397 2181 cipites,
428 2089 462 2161 &
491 2111 661 2183 occupare
692 2087 843 2183 pericula
869 2086 981 2185 jubet.
1031 2085 1143 2184 Igitur
1165 2085 1232 2158 mi·

262 2203 338 2277 lites
379 2204 546 2293 Romani,
589 2209 682 2302 quasi
712 2206 919 2304 Vologesen,
953 2228 1012 2279 aut
1041 2208 1230 2295 Pacorum,

262 2321 355 2394 avito
372 2320 612 2397 Arsacidarum
628 2323 712 2397 solio
727 2324 915 2421 depulsuri,
945 2350 986 2398 ac
1015 2350 1087 2396 non
1114 2327 1231 2419 Impe-

261 2461 408 2513 ratorem
431 2440 546 2531 suum,
571 2443 738 2516 inermem
753 2448 787 2516 ὅτ
805 2443 935 2533 senem,
957 2442 1128 2516 trucidare
1152 2467 1230 2540 per·

261 2578 399 2656 gerent,
428 2559 570 2657 disjecta
592 2564 707 2658 plebe,
739 2562 936 2658 proculcato
964 2560 1095 2652 senatu,
1121 2581 1233 2635 truces

261 2678 380 2767 armis,
406 2678 534 2775 rapidis
557 2680 654 2776 equis
677 2679 791 2753 fomm
815 2678 1045 2776 inrumpunt:
1071 2705 1135 2752 nec
1153 2679 1233 2751 illos

262 2796 427 2894 Capitolii
449 2795 615 2895 aspedus,
653 2803 686 2871 ἃ
727 2797 986 2872 imminentium
1019 2799 1232 2894 templorum

261 2916 398 3013 religio,
432 2920 466 2988 δι
500 2916 625 3012 priores
659 2921 693 2988 δι
725 2914 829 2989 futuri
861 2916 1038 3012 Principes
1066 2916 1245 3005 terruere,

261 3035 449 3130 quominus
471 3033 621 3108 facerent
639 3033 759 3124 scelus,
784 3033 881 3131 cujus
899 3037 988 3107 ultor
1011 3034 1060 3106 est
1077 3033 1231 3130 quisquis

264 3151 424 3225 succeffit.

309 3273 410 3344 XLI.
436 3274 531 3344 Vrso
548 3272 706 3345 cominus
723 3292 930 3347 armatorum
960 3270 1114 3369 agmine,
1145 3295 1230 3342 vex·
1332 3314 1334 3319 ·

261 3390 386 3464 illarius
416 3390 612 3464 comitantis
641 3393 792 3464 Galbam
824 3391 977 3464 cohortis
1018 3388 1231 3486 (“Atilium

263 3508 542 3606 “Vergilionem
572 3507 695 3581 fuisse’'
721 3510 878 3603 tradunt)
912 3509 1090 3604 dereptam
1107 3509 1232 3579 Galbae

263 3626 452 3725 imaginem
477 3623 549 3698 solo
575 3627 719 3700 adflixit.
770 3631 825 3701 Eo
853 3632 950 3725 signo
982 3623 1160 3698 manifesta
1193 3624 1231 3698 in

261 3747 438 3818 Othonem
455 3745 615 3818 omnium
632 3746 784 3818 militum
804 3747 927 3835 studia,
953 3744 1124 3818 desertum
1146 3743 1230 3840 fugd

261 3864 382 3962 populi
410 3859 539 3956 forum,
564 3864 721 3938 destriela
744 3864 904 3939 adversus
931 3863 1128 3938 dubitantes
1151 3865 1230 3938 tela.

720 3983 757 4054 D
781 4007 802 4054 2
