3000 5144
368 548 613 622 Drntoous
650 566 705 619 oo
742 549 1060 622 Onnronrnus.
1147 572 1195 647 43

227 720 332 818 quim
350 722 442 817 apud
459 723 601 793 Graecos
618 721 915 795 Demosthenem?
943 742 1049 820 quem
1067 721 1198 795 studIo-

227 843 388 913 filsunum
400 839 552 911 Platonis
569 842 759 913 auditorem
777 838 873 912 fuiffe
886 843 1060 915 memorias
1078 843 1196 938 prodi·

224 976 302 1032 tum
319 959 377 1032 est.
428 961 474 1029 Et
493 958 631 1047 Cicer0,
649 958 715 1047 his,
740 959 932 1056 mopinot,
952 959 1050 1032 refert
1067 963 1195 1052 verbis,

108 1164 113 1174 1
225 1081 376 1176 quidqud
388 1082 420 1148 in
436 1081 605 1173 eloquentia
622 1079 769 1172 efficerit,
785 1081 820 1148 id
829 1082 869 1171 se
884 1105 940 1150 non
961 1081 1126 1165 rhetorum,
1137 1082 1201 1172 sed

224 1197 523 1290 Academt'aespaliis
539 1199 731 1290 consecutum.
780 1199 865 1269 Sunt
886 1198 959 1271 aIiae
976 1197 1082 1271 causae
1100 1224 1198 1296 mag·

223 1341 277 1386 nae
290 1320 323 1388 δι
342 1342 479 1414 graves,
493 1339 577 1414 quas
592 1316 723 1390 avobis
735 1317 855 1413 aperiri
871 1343 1010 1415 aequum
1028 1317 1090 1407 est,
1109 1344 1197 1414 quo·

223 1435 318 1507 niam
340 1435 484 1531 quidem
504 1460 572 1534 ego
589 1432 664 1531 jam
687 1462 806 1508 meum
832 1463 957 1510 munus
976 1438 1129 1534 explevi,
1147 1441 1197 1527 dt,

224 1557 322 1650 quod
352 1553 438 1626 mihi
466 1554 503 1626 in
532 1554 777 1628 consuetudine
798 1557 861 1645 est,
890 1556 968 1628 latis
994 1558 1121 1629 multos
1145 1555 1197 1629 of·

216 1673 341 1746 feudi:
373 1672 434 1769 qui
463 1677 485 1746 st
516 1672 602 1745 forte
631 1675 698 1746 hoc
724 1675 894 1762 audirent,
922 1694 1053 1747 certum
1087 1676 1199 1748 habeo
1271 1767 1274 1773 ι

220 1793 392 1882 dicimos,
418 1816 488 1880 me,
508 1790 692 1886 dumjuris
710 1797 742 1864 δι
762 1792 987 1894 philosophiae
1004 1793 1195 1884 scientiam,

222 1930 402 2008 tamquam
419 1911 543 1984 oratori
566 1911 797 2001 neceffariam,
824 1913 942 2001 laudo,
962 1893 1096 2007 ineptiis
1111 1911 1198 1985 mels

223 2030 389 2128 plaustffe.

271 2151 445 2222 XXXIII.
473 2151 529 2222 Er
554 2150 738 2239 Maternus,
772 2149 857 2222 mihi
881 2149 1039 2247 quidem,
1068 2149 1197 2248 inquit,

221 2267 415 2364 susceptum
442 2294 462 2341 a
483 2290 516 2343 te
540 2295 666 2342 munus
684 2262 771 2341 adeo
792 2270 955 2366 peregisse
972 2273 1128 2344 nondum
1144 2270 1198 2343 vi·

220 2388 322 2477 deris,
336 2410 372 2461 ut
385 2388 555 2463 inchoaffe
565 2391 714 2478 tantltm,
731 2395 764 2463 ὃ(
778 2389 872 2464 velut
882 2389 1025 2486 vestigia
1035 2415 1076 2463 ac
1089 2389 1196 2463 linea·

222 2528 340 2580 menta
361 2510 524 2604 quaedam
552 2511 731 2581 ostendiffe
750 2508 908 2581 videaris.
957 2512 1052 2582 Nam
1070 2510 1198 2606 quibus

222 2626 339 2699 instrui
357 2647 488 2699 veteres
513 2648 663 2699 oratores
677 2627 763 2700 soliti
782 2630 856 2714 sint,
874 2626 1006 2715 dixisti,
1035 2629 1196 2700 differen-

221 2746 375 2841 tiamque
388 2746 512 2818 nostrae
529 2746 665 2818 defidiae
684 2751 718 2818 δι
736 2744 918 2817 inscientiae
929 2745 1087 2817 adversus
1103 2771 1196 2818 acer·

221 2865 310 2937 tima
322 2868 355 2937 δι
369 2862 606 2937 fecundiffima
617 2889 735 2936 eorum
748 2861 857 2935 studia
866 2863 1117 2936 demonstrasti:
1138 2888 1194 2938 ce·

220 3003 294 3057 tera
311 2983 485 3079 exspecto,
499 3005 552 3073 ut,
567 2983 867 3080 quemadmodum
883 3007 928 3054 ex
944 3001 978 3054 te
993 2981 1098 3055 didici
1111 2981 1197 3080 quid

220 3125 280 3177 aut
301 3103 348 3176 iIIi
370 3103 504 3190 scirent,
522 3123 580 3176 aut
598 3129 661 3175 nos
685 3101 886 3191 nesciamus,
910 3101 956 3174 ita
969 3104 1036 3175 hoc
1054 3126 1197 3199 quoque

219 3222 439 3320 cognoscam,
454 3223 580 3319 quibus
596 3218 1060 3317 exercitationibusjuvenes,
1073 3219 1147 3317 jam
1161 3225 1196 3295 δι

221 3340 337 3414 fotum
359 3342 508 3438 ingreffi,
529 3344 735 3414 confirmare
755 3342 792 3414 δι
809 3343 899 3413 alere
916 3340 1054 3438 ingenia
1069 3339 1127 3413 sua
1143 3339 1195 3412 so·

222 3460 273 3534 Iiti
287 3465 370 3532 sint:
398 3486 510 3557 neque
523 3461 616 3533 enim
629 3483 700 3534 arte
715 3464 748 3532 δι
764 3458 911 3549 scientis,
930 3459 986 3533 sed
999 3461 1104 3557 longe
1121 3485 1195 3532 ma·

223 3580 275 3678 gis
291 3579 453 3653 facultate
469 3582 701 3677 eloquentiam
724 3579 904 3668 contineri,
931 3598 1069 3667 necto,
1094 3597 1193 3674 pute,

220 3703 365 3786 abnues,
393 3704 426 3772 δι
451 3700 485 3772 hi
508 3701 695 3797 significare
712 3700 810 3771 vultu
836 3698 1007 3770 videntur.
1056 3697 1196 3769 Deinde

221 3819 303 3892 clim
323 3823 421 3914 Aper
444 3844 586 3915 quoque
609 3818 841 3891 &Secundus
870 3816 961 3889 idem
987 3816 1193 3906 annuillent,

221 3937 370 4032 Mala,
394 3941 487 4036 quast
503 3936 615 4011 rursus
631 3936 819 4036 incipiens:
849 3933 1027 4034 Quoniam
1043 3935 1195 4010 initia&
