3000 5144
432 570 819 648 H1sronrunuu
853 566 1053 647 Linllf.
1150 589 1220 667 293

261 745 289 782 “
304 762 427 812 remus.
475 741 542 813 Sed
574 761 612 814 ut
641 743 791 815 amicitia
821 741 1024 839 societasque
1051 739 1164 814 nostra
1187 740 1223 812 in

261 864 289 899 “
308 878 474 931 aeternum
488 878 559 931 rata
575 863 625 949 fit,
646 862 854 956 postulamus
866 887 886 932 a
899 861 1012 948 vobis,
1031 876 1145 932 muros
1163 884 1222 931 co·

262 981 292 1017 “
310 976 425 1064 loniae,
454 977 666 1050 munimenta
692 977 831 1068 servitii,
861 977 1056 1050 detrahatis.
1106 976 1224 1048 Etiam

261 1099 291 1135 “
308 1090 380 1165 sera
406 1093 578 1182 animalia,
608 1094 756 1168 ficlausa
778 1116 904 1184 teneas,
928 1096 1059 1167 virtutis
1084 1092 1225 1168 oblivis·

264 1217 290 1252 “
308 1232 443 1284 cuntur.
504 1216 685 1285 Romanos
712 1238 846 1300 omnes,
874 1213 910 1284 in
939 1213 1064 1301 finibus
1092 1212 1224 1300 vestris,

264 1333 291 1369 “
309 1328 504 1400 trucidetis:
531 1330 622 1399 haud
639 1326 737 1401 facile
761 1326 911 1418 libertas,
938 1335 971 1403 dc
988 1329 1123 1402 domini
1146 1328 1223 1401 mis·
1270 1350 1273 1354 ’

264 1454 290 1487 “
308 1467 437 1518 centur.
478 1448 572 1518 Bona
583 1446 852 1535 intersestotum,
869 1448 904 1519 in
917 1448 1071 1520 medium
1087 1450 1224 1536 cedant,

261 1570 288 1606 “
306 1564 443 1659 nequis
467 1567 624 1637 occulere
644 1566 849 1661 quidquam,
870 1586 929 1638 aut
945 1565 1120 1662 segregare
1143 1590 1224 1638 cau·

263 1688 290 1722 “
307 1680 376 1753 sam
397 1681 491 1754 suam
509 1685 617 1778 possit.
666 1682 787 1755 Liceat
804 1683 902 1755 nobis
918 1682 1081 1780 vobisque
1097 1706 1227 1755 utram·

264 1805 292 1840 “
311 1825 379 1895 que
405 1800 513 1894 ripam
542 1803 667 1889 colere,
695 1822 735 1873 ut
756 1802 841 1873 olim
871 1800 1053 1897 majoribus
1077 1800 1223 1873 nostrisa

263 1920 486 2012 “quomodo
513 1920 626 1992 lucem
642 1919 806 2015 diemque
833 1918 993 1991 omnibus
1014 1918 1226 2006 hominibus,

264 2044 291 2078 “
309 2037 354 2107 ita
366 2062 487 2109 omnes
499 2058 601 2110 terras
617 2036 760 2110 sortibus
769 2035 849 2108 viris
859 2057 978 2109 natura
991 2037 1133 2131 aperuit.
1168 2039 1226 2108 ln·

266 2162 293 2196 “
313 2154 428 2226 stituta
463 2156 665 2250 cultumque
698 2154 845 2250 patrium
877 2153 1048 2243 resumite,
1077 2154 1229 2249 abruptis

264 2279 290 2313 “
310 2272 556 2367 voluptatibus,
571 2273 696 2369 quibus
709 2272 862 2345 Romani
880 2274 957 2368 plus
972 2272 1134 2344 adverslts
1149 2270 1227 2344 sub-

264 2397 292 2432 “
303 2389 427 2487 jestos,
451 2391 558 2486 quam
575 2391 677 2463 armis
698 2391 837 2462 valent:
859 2393 1003 2463 fincerus
1025 2393 1058 2461 δι
1082 2390 1227 2486 integer,

264 2516 291 2550 “
311 2508 521 2580 &seruitutis
537 2510 664 2582 oblitus
681 2511 842 2605 populus,
859 2528 919 2583 aut
930 2534 974 2581 ex
989 2533 1089 2604 aequo
1106 2507 1228 2604 agetis,

263 2633 290 2668 “
308 2647 365 2698 aut
389 2626 460 2699 aliis
486 2626 757 2722 irnperitabitis.”

312 2744 427 2816 LXV.
469 2750 802 2831 Aonrrrtnnnsas,
837 2743 975 2839 sumpto
1016 2741 1230 2815 consultandi
1330 2727 1336 2736 ’

149 2942 154 2955 .
263 2861 384 2959 spatie,
403 2864 542 2957 quando
560 2888 672 2958 neque
692 2861 803 2934 subite
820 2861 1032 2934 conditiones
1049 2880 1161 2932 metus
1175 2857 1230 2930 su·

263 2981 343 3069 turi,
358 3006 470 3077 neque
484 2982 597 3077 palam
614 2979 780 3075 aspernari
804 2978 958 3052 conditio
980 2976 1122 3073 praesens
1145 2979 1228 3048 stne·

264 3103 348 3171 bat:
380 3099 414 3171 in
438 3101 531 3171 hunc
549 3100 694 3170 modum
718 3095 939 3192 respondent:
962 3103 987 3138 “
1005 3100 1094 3191 Qtae
1121 3094 1232 3190 prima

267 3217 475 3290 “libertatis
496 3215 638 3289 facultas
662 3217 743 3288 data
766 3215 826 3303 est,
851 3213 1008 3302 avidius,
1028 3213 1134 3307 quitur
1150 3236 1230 3283 cau-

267 3344 293 3378 “
313 3336 379 3408 tius
400 3334 615 3430 sumpsimus,
644 3354 681 3406 ut
704 3333 803 3405 vobis
828 3330 1012 3427 ceterisque
1034 3328 1230 3415 Germanis,

267 3453 571 3550 “consanguineis
598 3451 731 3538 nostris,
755 3448 991 3546 jungeremur.
1040 3449 1165 3519 Muros
1181 3446 1229 3518 ci-

267 3580 293 3615 “
312 3573 436 3660 vitatis,
463 3569 750 3667 congregantibus
773 3567 805 3640 se
825 3568 907 3639 cum
924 3563 1074 3638 maxime
1098 3568 1230 3637 Roma·

268 3700 293 3734 “
312 3717 436 3764 norum
452 3689 669 3775 exercitibus,
687 3711 812 3781 augere
828 3684 940 3770 nobis,
959 3682 1065 3778 quam
1081 3682 1228 3771 diruere,

267 3815 294 3852 “
312 3809 416 3882 tutius
432 3808 491 3880 est.
540 3806 574 3878 Si
593 3804 715 3900 quiex
743 3802 851 3890 ltalilt,
876 3822 934 3872 aut
952 3800 1149 3896 provinciis,
1168 3800 1229 3872 ali·

269 3935 296 3970 “
315 3928 468 4023 enigenae
493 3923 529 3995 in
554 3923 680 3994 finibus
706 3920 826 3992 nostris
850 3917 997 4008 fuerant,
1023 3946 1079 3992 eos
1101 3922 1231 3992 bellum

700 4043 786 4127 U4
