3000 5144
366 477 754 555 Hrsronrnnuru
789 483 898 555 Lrn.
927 481 955 555 Ι.
1100 486 1145 582 65

177 652 236 727 sits
259 651 346 725 idus
362 651 634 750 impenetrabile,
666 654 712 727 ita
737 656 871 753 impetu
893 656 1044 729 hostium
1065 683 1145 753 pro·

176 771 303 844 volutis
320 770 470 844 inhabile
487 773 532 843 ad
548 773 813 872 resurgendum:
836 777 932 847 simul
949 774 1143 866 altitudine,

175 893 209 962 δι
234 890 380 962 mollitia
408 890 511 979 nivis,
536 890 789 965 hauriebantur.
840 897 1019 966 Romanus
1048 895 1145 966 miles

174 1007 265 1081 facili
290 1009 409 1095 lorica,
438 1007 599 1081 &miffili
617 1009 701 1105 pilo,
728 1031 787 1083 aut
813 1011 937 1084 lanceis
960 1009 1144 1103 adsultans,

175 1127 236 1200 ubi
261 1153 314 1200 res
339 1125 505 1223 posceret,
532 1127 598 1199 levi
616 1128 732 1223 gladio
750 1128 919 1201 inermem
940 1124 1143 1219 Sarmatam,

176 1248 310 1342 (neque
326 1244 419 1317 enim
435 1243 575 1317 defendi
601 1245 696 1317 scuto
720 1272 796 1318 mos
822 1247 890 1340 est)
909 1248 1066 1321 cominus
1093 1248 1145 1320 fo·

172 1362 309 1435 diebat:
350 1365 461 1436 donec
494 1363 610 1459 pauci,
646 1365 706 1459 qui
742 1366 864 1460 ptoelio
899 1365 1143 1462 superfuerant,

175 1481 360 1577 paludibus
386 1485 603 1555 abderentur.
652 1483 706 1555 lbi
732 1482 855 1556 saevitia
883 1484 1017 1573 hiemis,
1046 1491 1079 1558 dr
1108 1487 1145 1558 vi

174 1600 357 1672 vulnerum
387 1598 570 1697 absumpti.
620 1600 808 1696 Postquam
834 1602 870 1674 id
891 1607 1018 1675 Roma:
1047 1630 1144 1677 com-

175 1738 326 1815 pertum,
355 1721 411 1792 M.
441 1719 602 1814 Aponius
635 1722 797 1792 Moefiam
819 1720 990 1809 obtinens,
1024 1723 1145 1795 trium-

175 1837 270 1933 phali
292 1838 414 1925 staua,
441 1837 584 1909 Fulvius
607 1838 783 1928 Aurelius,
812 1844 845 1911 δι
873 1839 1032 1932 Julianus
1054 1842 1143 1913 Ter-

174 1956 256 2046 tius,
283 1982 323 2029 ac
345 1956 521 2029 Numisrus
550 1959 689 2052 Lupus,
717 1957 820 2053 legati
844 1957 1035 2054 legionum,
1060 1986 1144 2032 con-

172 2075 339 2149 sularibus
363 2074 571 2148 ornamentis
598 2077 792 2148 donantur:
821 2078 898 2147 laeto
925 2078 1079 2167 Othone,
1107 2085 1141 2152 ὅτ

171 2194 318 2293 gloriam
346 2193 383 2266 in
410 2193 442 2266 se
467 2195 637 2282 trahente,
658 2199 880 2291 “tamquam
904 2198 937 2266 ὅτ
965 2195 1033 2291 ipse
1060 2195 1143 2271 felix

172 2319 203 2356 “
221 2315 328 2403 bello,
359 2317 392 2386 δι
416 2310 480 2384 suis
501 2312 647 2385 ducibus
671 2310 801 2410 suisque
825 2314 1030 2388 exercitibus
1053 2341 1142 2389 rem·

170 2432 396 2528 “publicam
423 2430 603 2504 auxiffet.''
932 2528 936 2537 ,

220 2553 378 2627 LXXX.
404 2555 540 2625 Panvo
570 2551 706 2624 interim
730 2550 838 2640 initi0,
869 2553 963 2626 unde
991 2553 1074 2625 nihil
1100 2553 1143 2624 ti-

174 2673 345 2760 mebatur,
377 2692 452 2744 orta
477 2670 610 2761 seditio,
640 2670 749 2766 prope
777 2670 868 2743 Urbi
896 2671 1034 2744 excidio
1067 2672 1144 2746 fuit.

172 2789 537 2886 Septimamdecimam
563 2793 756 2880 cohortem,
784 2816 803 2862 e
828 2790 964 2861 colonia
982 2790 1142 2880 Ostienfi,

174 2907 211 2980 in
245 2912 384 2982 Urbem
416 2909 517 2982 acciri
552 2911 646 2980 Otho
668 2907 829 3005 jufferatr
869 2909 1042 2980 armandae
1074 2908 1144 3006 ejus

173 3053 255 3101 cura
272 3027 374 3101 Vario
391 3028 561 3124 Crispino,
590 3028 727 3100 tribuno
753 3052 772 3098 e
796 3026 1020 3122 pretorianis,
1051 3028 1141 3099 data.

174 3149 219 3237 ls,
249 3147 321 3244 qub
344 3149 454 3244 magis
476 3174 618 3234 vacuus,
642 3146 764 3243 quictis
790 3145 916 3233 castris,
937 3143 1025 3241 juffo
1050 3144 1143 3216 exse·

176 3289 349 3363 queretur,
374 3268 530 3340 vehicula
547 3265 710 3353 cohortis,
729 3264 912 3359 incipiente
930 3265 1041 3351 node,
1060 3287 1143 3334 one-

173 3385 251 3474 rari,
284 3405 401 3482 aperto
430 3386 705 3473 armamentario,
734 3383 845 3479 jubet.
908 3385 1080 3477 Tempus,
1105 3382 1142 3455 in

173 3504 415 3601 suspicionem3
446 3504 557 3592 causa,
585 3504 618 3574 in
644 3504 773 3575 crimen
782 3532 792 3586 ;
821 3499 990 3572 affedatio
1008 3499 1142 3595 quietis,

172 3622 208 3694 in
225 3626 415 3696 tumultum
439 3622 582 3696 evaluit:
616 3620 733 3694 &visa
752 3621 838 3692 inter
862 3619 1067 3690 temulentos
1089 3644 1142 3691 ar·

173 3768 244 3831 ma,
264 3741 465 3838 cupidinem
481 3740 698 3813 sul‘movere.
749 3738 878 3811 Fremit
897 3737 1007 3824 miles,
1031 3740 1064 3808 δι
1082 3738 1141 3810 tri·

174 3863 286 3937 bunos
302 3859 583 3959 centurionesque
597 3868 623 3904 “
640 3859 864 3954 proditionis''
877 3857 1003 3959 arguit,
1018 3865 1045 3900 “
1057 3878 1143 3938 tam.

626 3981 656 4055 F
