3000 5144
358 417 763 499 I-Iisroninniiru
795 416 961 493 Lial.
1107 422 1152 516 ⁶3

190 598 331 691 Consul,
350 627 432 674 cum
449 600 591 673 Titiano
608 599 724 687 sratre,
752 599 786 671 in
815 599 986 670 Kalendas
1012 595 1156 668 Martias

189 720 281 819 ipse;
308 718 487 816 proximos
516 717 646 791 menses
665 717 832 814 Verginio
848 715 1005 803 destinat,
1035 735 1073 787 ut
1098 715 1159 787 ali-

191 841 287 937 quod
304 837 467 911 exercitui
485 838 691 911 Germanico
707 837 982 909 delinimentum.
1032 832 1157 930 Jungi⁴

191 974 248 1031 tur
262 956 430 1054 Verginio
445 956 633 1052 Pompeius
649 955 832 1052 Vopiscus,
864 971 1031 1051 praetextu
1063 973 1158 1024 vete·

191 1077 236 1150 ris
252 1074 431 1161 amicitiae;
462 1075 616 1170 plerique
634 1074 880 1146 Viennenfium
898 1071 1022 1143 honori
1040 1074 1161 1145 datum

192 1193 509 1290 interpretabantur.
571 1192 683 1264 Ceteri
713 1190 905 1265 consulatus
938 1215 982 1261 ex
1011 1190 1157 1263 destina-

192 1312 286 1385 tione
316 1312 479 1401 Neronis‚
509 1328 569 1383 aut
599 1313 734 1401 Galbae,
764 1311 927 1382 mansire.
976 1309 1088 1381 Caelio
1119 1334 1160 1383 ac

195 1430 316 1504 Flavio
351 1429 498 1519 Sabinis,
535 1430 570 1502 in
603 1430 735 1523 Julias;
773 1428 876 1504 llrrio
911 1429 1091 1502 Antonino
1125 1432 1160 1501 dr

194 1549 313 1623 Mario
328 1546 441 1638 Celso,
461 1548 496 1620 in
513 1550 754 1645 Septembres:
790 1574 939 1645 quorum
963 1549 1087 1620 honori
1116 1572 1161 1622 ne

196 1668 353 1741 Vitellius
370 1668 512 1764 quidem
531 1667 640 1740 viclor
656 1671 848 1740 intercessit.
866 1668 932 1739 Sed
949 1669 1059 1754 Otho,
1074 1694 1161 1764 pon·

195 1787 341 1860 tilicatus
368 1787 618 1884 auguratusque
634 1785 807 1858 honoratis
830 1783 905 1882 jam
926 1783 1072 1874 senibus,
1098 1814 1160 1860 cu·

196 1906 334 1980 mulum
361 1904 554 2002 dignitatis,
583 1903 742 1990 addidit;
770 1908 803 1976 &
833 1903 949 1975 recens
977 1906 1022 1977 ab
1045 1904 1163 1977 exsilio

196 2024 342 2100 reversos
365 2022 499 2096 nobiles
516 2020 799 2111 adolescentulos,
817 2021 918 2095 avitis
945 2048 984 2095 ac
1013 2023 1163 2119 paternis

195 2141 388 2218 sacerdotiis
414 2142 449 2213 in
478 2141 636 2214 solatium
653 2142 807 2215 recoluit.
858 2141 1030 2214 Redditus
1052 2142 1164 2215 Cadio

197 2260 309 2352 Ruso,
339 2261 448 2333 Pedio
468 2258 589 2348 Blaeso,
617 2259 744 2332 Sevino
767 2260 953 2356 Pomptino
980 2260 1164 2334 senatorius

197 2384 307 2469 locus,
327 2381 386 2476 qui
405 2380 670 2476 repetundarum
687 2378 901 2468 criminibus,
930 2378 991 2451 sub
1016 2381 1164 2452 Claudio

197 2526 238 2575 ac
270 2501 425 2587 Nerone,
462 2497 668 2570 ceciderant.
730 2497 863 2570 Placuit
893 2496 1161 2595 ignoscentibus,

199 2616 294 2691 verso
311 2616 464 2704 nomine,
477 2617 571 2711 quod
589 2612 870 2706 avaritia'fuerat,
888 2617 997 2689 videri
1011 2616 1165 2714 majesta·

198 2757 287 2810 tem:
321 2732 417 2831 cujus
444 2755 520 2806 tum
537 2734 633 2823 odio,
651 2735 752 2807 etiam
769 2738 868 2808 bonae
887 2737 978 2829 leges
996 2737 1163 2832 peribant.

247 2856 452 2927 LXXVIII.
480 2856 626 2924 Enniani
658 2853 838 2950 largitione
864 2853 1042 2926 civitatum
1075 2880 1163 2950 quo·

201 3000 268 3073 que
295 3000 334 3046 ac
364 2971 618 3069 provinciarum
645 2973 777 3044 animos
800 2975 985 3070 adgresliis‚
1012 2972 1163 3068 Hispali·

199 3097 334 3167 ensibus
366 3097 399 3164 δι
436 3078 703 3163 Emeritensibus
722 3088 925 3163 familiarum
943 3091 1162 3187 adjesiiones,

200 3210 421 3310 Lingonibus
449 3208 610 3282 universis
638 3208 809 3282 civitatem
839 3215 1052 3299 Romanam,
1083 3194 1175 3307 pro-⁸

201 3330 325 3404 vinciae
350 3328 482 3402 Baeticae
512 3331 717 3400 Maurorum
746 3327 898 3399 civitates
923 3329 1018 3401 dono
1045 3330 1161 3402 dedit:

200 3474 293 3523 nova
324 3446 402 3545 jura
445 3445 687 3543 Cappadocia,
722 3472 811 3518 nova
845 3446 985 3536 Africae,
1019 3448 1165 3521 ostentui

203 3568 327 3665 magis,
347 3566 452 3662 qulam
470 3563 635 3637 mansura.
653 3567 744 3637 Inter
761 3591 852 3661 quae,
871 3568 1059 3639 necessitate
1076 3594 1164 3664 pra-

202 3681 349 3759 sentium
379 3688 546 3756 rerum&
576 3682 779 3756 instantibus
803 3684 891 3757 curis
920 3685 1091 3777 excusata,
1122 3715 1166 3764 ne

203 3824 278 3879 tum
306 3804 449 3903 quidem
474 3803 656 3878 immemor
671 3830 843 3896 amorum,
867 3805 989 3881 statuas
1003 3809 1163 3908 Poppaeae
