3000 5144
417 531 818 602 H1sroa1nnunr
851 532 962 604 L1a.
995 534 1056 604 IV.
1155 558 1219 630 291

259 714 367 783 verat,
390 696 538 790 praemiis
565 699 697 772 attollit.
746 700 873 773 Divisae
895 700 975 772 inde
1002 701 1087 772 inter
1109 702 1222 773 Tuto-

261 839 334 885 rem
354 817 386 884 &
404 815 584 888 Clafficum
603 842 704 890 curae.
755 820 882 906 Tutor,
896 818 1009 890 valida
1030 844 1134 890 manu
1159 819 1223 889 cir-

261 931 439 1002 cumdatos
482 934 762 1030 Agrippinenses,
799 956 1035 1031 quantumque
1076 936 1225 1007 militum

259 1049 350 1144 apud
379 1048 584 1144 superiorem
614 1053 729 1124 Rheni
756 1053 879 1147 ripam,
912 1053 948 1123 in
975 1053 1095 1125 eadem
1122 1056 1226 1126 verba

262 1167 384 1264 adigit,
408 1166 523 1238 occisis
551 1170 767 1265 Mogontiaci
794 1170 951 1259 tribunis,
979 1169 1073 1264 pulso
1102 1171 1224 1242 castro-

261 1311 339 1357 rum
368 1283 542 1381 praefecl0,
562 1285 621 1381 qui
645 1286 923 1358 detrectaverant.
972 1290 1132 1361 Clafficus
1149 1314 1225 1360 cor-

262 1403 489 1498 ruptiffimum
511 1429 684 1499 quemque
702 1429 721 1475 e
743 1405 867 1477 deditis
896 1414 922 1447 “
941 1431 1083 1502 pergere
1099 1406 1143 1477 ad
1162 1408 1225 1477 ob-

263 1528 291 1562 “
308 1520 431 1592 sellos’'
451 1520 566 1615 jubet,
594 1528 620 1563 “
640 1522 775 1594 reniam
792 1523 1010 1611 ostentantes,
1038 1527 1059 1595 sr
1086 1522 1225 1618 praesen-

264 1647 291 1681 “
310 1640 356 1712 tia
373 1640 613 1736 sequerentur;
639 1640 748 1727 aliter,
766 1640 851 1711 nihil
875 1639 966 1736 spei:
994 1639 1136 1729 famem,
1160 1640 1225 1712 fet·

263 1765 291 1800 “
308 1782 469 1854 rumque,
496 1761 529 1830 δι
557 1778 713 1829 extrema
741 1760 926 1852 paffuros.''
977 1758 1143 1854 Adjecdre
1166 1759 1226 1856 qui

263 1874 350 1947 miffi
366 1896 476 1965 etant,
502 1877 704 1970 exemplum
718 1873 828 1947 suuru.

310 1996 393 2067 LX.
419 1996 607 2066 Ossassos
632 1993 712 2065 hinc
737 1994 836 2081 fides,
867 1993 946 2066 inde
974 1995 1113 2091 egestas,
1141 1995 1228 2066 inter

262 2113 369 2184 decus
403 2138 443 2184 ac
469 2112 641 2208 flagitium
673 2111 916 2184 distrahebant.
977 2113 1227 2184 Cunclantibus

261 2229 358 2301 solita
381 2228 584 2326 insolitaque
608 2229 771 2301 alimenta
791 2232 949 2315 deerant3
967 2228 1153 2326 absumptis
1168 2229 1226 2327 ju·

263 2348 390 2420 mentis
407 2346 582 2444 equisque,
613 2348 782 2420 &ceteris
805 2347 1023 2436 animalibus,
1049 2373 1125 2443 quae
1149 2374 1228 2443 pro·

263 2465 341 2540 fana
364 2466 526 2561 foedaque
543 2466 577 2536 in
599 2465 699 2537 usum
717 2464 888 2538 necessitas
911 2465 1021 2538 vertit.
1069 2466 1228 2562 Virgulta

264 2583 451 2682 postremo,
466 2588 499 2655 &
518 2583 650 2678 stirpes,
671 2587 703 2655 δι
725 2583 905 2655 internatas
922 2582 1006 2655 saxis
1024 2584 1142 2655 herbas
1155 2586 1226 2654 vcl-

263 2705 383 2791 lentes,
408 2700 613 2773 miseriarum
639 2701 877 2797 patientiaque
900 2701 1148 2773 documentum
1173 2701 1227 2773 fu-

263 2825 341 2908 ere3
372 2823 484 2893 donec
513 2819 687 2916 egregiam
712 2820 849 2890 laudem
874 2820 942 2890 fine
967 2819 1056 2913 turpi
1077 2821 1226 2890 macula-

264 2962 353 3028 rent,
371 2941 473 3012 miffis
497 2939 541 3010 ad
560 2938 707 3009 Civilem
731 2936 851 3033 legatis
878 2943 907 2978 “
925 2936 1055 3008 vitam''
1084 2957 1227 3007 orantes.

264 3062 391 3156 Neque
408 3056 486 3129 ante
515 3081 630 3151 preces
653 3055 818 3142 admilsae,
845 3055 950 3150 quam
970 3054 1004 3124 in
1022 3056 1126 3125 verba
1143 3055 1227 3124 Gal-

265 3177 386 3250 liarum
409 3175 573 3272 jurarent.
623 3175 717 3246 Tum
737 3175 854 3269 paclus
881 3173 1081 3267 “praedam
1102 3171 1226 3243 castro·

266 3302 293 3338 “
312 3296 429 3381 rum,'’
445 3295 504 3364 dat
519 3292 688 3380 custodes,
707 3291 767 3386 qui
784 3289 979 3385 pecuniam,
997 3291 1145 3376 calones,
1164 3286 1227 3359 sar-

264 3414 357 3485 cinas
377 3431 592 3496 retentarent,
610 3435 649 3481 ac
667 3408 726 3504 qui
751 3407 837 3503 ipsos
854 3409 945 3478 leves
969 3408 1131 3477 abeuntes
1149 3429 1228 3500 pro·

265 3532 493 3628 sequerentur.
558 3527 617 3602 Ad
647 3526 808 3622 quintum
841 3522 910 3596 fere
935 3524 1085 3617 lapidem
1120 3522 1227 3594 coorti

265 3648 444 3736 Germani,
469 3632 797 3740 incauturu'agmen
827 3639 1085 3737 adgrediuntur.
1134 3642 1227 3734 Pug-

265 3767 457 3840 naciffimus
475 3764 617 3862 quisque
638 3763 673 3834 in
690 3760 856 3856 vestigi03
880 3757 980 3830 multi
998 3759 1151 3851 palantes
1168 3783 1227 3829 oc-

266 3886 439 3960 cubuere:
466 3883 568 3956 ceteri
591 3902 680 3954 retro
703 3880 739 3950 in
763 3877 869 3950 castra
897 3874 1115 3973 profugiunt,
1145 3901 1228 3972 que·

713 3998 751 4068 U
778 4021 798 4067 a
