<?xml version="1.0" encoding="UTF-8"?>
<!DOCTYPE html PUBLIC "-//W3C//DTD XHTML 1.0 Transitional//EN"
    "http://www.w3.org/TR/xhtml1/DTD/xhtml1-transitional.dtd">
<html xmlns="http://www.w3.org/1999/xhtml" xml:lang="en" lang="en">
 <head>
  <title>
</title>
<meta http-equiv="Content-Type" content="text/html;charset=utf-8" />
  <meta name='ocr-system' content='tesseract 3.04.00' />
  <meta name='ocr-capabilities' content='ocr_page ocr_carea ocr_par ocr_line ocrx_word'/>
</head>
<body>
  <div class='ocr_page' id='page_1' title='image "./ccorneliitaciti02ernegoog_0254.png"; bbox 0 0 3000 5144; ppageno 0'>
   <div class='ocr_carea' id='block_1_1' title="bbox 439 615 1238 715">
    <p class='ocr_par' dir='ltr' id='par_1_1' title="bbox 439 615 1238 715">
     <span class='ocr_line' id='line_1_1' title="bbox 439 615 1238 715; baseline 0.004 -28"><span class='ocrx_word' id='word_1_1' title='bbox 439 615 828 705; x_wconf 78' lang='lat' dir='ltr'>Htsrontnnuu</span> <span class='ocrx_word' id='word_1_2' title='bbox 863 617 972 688; x_wconf 86' lang='lat' dir='ltr'>Lrn.</span> <span class='ocrx_word' id='word_1_3' title='bbox 1009 618 1071 690; x_wconf 90' lang='lat' dir='ltr'>IV.</span> <span class='ocrx_word' id='word_1_4' title='bbox 1170 642 1238 715; x_wconf 80' lang='lat'>245</span> 
     </span>
    </p>
   </div>
   <div class='ocr_carea' id='block_1_2' title="bbox 259 795 1264 4095">
    <p class='ocr_par' dir='ltr' id='par_1_2' title="bbox 259 795 1264 4095">
     <span class='ocr_line' id='line_1_2' title="bbox 318 795 1236 887; baseline 0.008 -23"><span class='ocrx_word' id='word_1_5' title='bbox 318 795 415 865; x_wconf 89' lang='lat' dir='ltr'>Vlll.</span> <span class='ocrx_word' id='word_1_6' title='bbox 440 797 700 887; x_wconf 74' lang='lat' dir='ltr'>Mnncaraus,</span> <span class='ocrx_word' id='word_1_7' title='bbox 721 808 828 871; x_wconf 92' lang='lat' dir='ltr'>“non</span> <span class='ocrx_word' id='word_1_8' title='bbox 846 801 939 874; x_wconf 91' lang='lat' dir='ltr'>suam</span> <span class='ocrx_word' id='word_1_9' title='bbox 955 801 1154 874; x_wconf 85' lang='lat' dir='ltr'>sententiam</span> <span class='ocrx_word' id='word_1_10' title='bbox 1171 800 1236 871; x_wconf 93' lang='lat' dir='ltr'>im·</span> 
     </span>
     <span class='ocr_line' id='line_1_3' title="bbox 271 914 1236 1015; baseline 0.004 -31"><span class='ocrx_word' id='word_1_11' title='bbox 271 919 301 955; x_wconf 89' lang='lat'><strong>“</strong></span> <span class='ocrx_word' id='word_1_12' title='bbox 319 914 477 1009; x_wconf 85' lang='lat' dir='ltr'>pugnari,</span> <span class='ocrx_word' id='word_1_13' title='bbox 511 914 568 987; x_wconf 95' lang='lat' dir='ltr'>sed</span> <span class='ocrx_word' id='word_1_14' title='bbox 603 916 778 990; x_wconf 89' lang='lat' dir='ltr'>consulem</span> <span class='ocrx_word' id='word_1_15' title='bbox 806 919 1022 1015; x_wconf 84' lang='lat' dir='ltr'>designatum</span> <span class='ocrx_word' id='word_1_16' title='bbox 1051 917 1236 992; x_wconf 86' lang='lat' dir='ltr'>censuisse&#39;&#39;</span> 
     </span>
     <span class='ocr_line' id='line_1_4' title="bbox 269 1031 1236 1133; baseline 0.005 -32"><span class='ocrx_word' id='word_1_17' title='bbox 269 1031 420 1119; x_wconf 89' lang='lat' dir='ltr'>dicebat,</span> <span class='ocrx_word' id='word_1_18' title='bbox 447 1039 474 1074; x_wconf 89' lang='lat'>“</span> <span class='ocrx_word' id='word_1_19' title='bbox 493 1032 681 1107; x_wconf 72' lang='lat' dir='ltr'>secundum</span> <span class='ocrx_word' id='word_1_20' title='bbox 694 1055 809 1107; x_wconf 89' lang='lat' dir='ltr'>vetera</span> <span class='ocrx_word' id='word_1_21' title='bbox 826 1039 999 1133; x_wconf 84' lang='lat' dir='ltr'>exempla,</span> <span class='ocrx_word' id='word_1_22' title='bbox 1018 1063 1096 1133; x_wconf 83' lang='lat' dir='ltr'>quae</span> <span class='ocrx_word' id='word_1_23' title='bbox 1113 1035 1236 1108; x_wconf 87' lang='lat' dir='ltr'>sortem</span> 
     </span>
     <span class='ocr_line' id='line_1_5' title="bbox 270 1149 1235 1247; baseline 0.004 -27"><span class='ocrx_word' id='word_1_24' title='bbox 270 1157 298 1191; x_wconf 90' lang='lat'><strong>“</strong></span> <span class='ocrx_word' id='word_1_25' title='bbox 317 1149 544 1246; x_wconf 86' lang='lat' dir='ltr'>legationibus</span> <span class='ocrx_word' id='word_1_26' title='bbox 558 1151 752 1247; x_wconf 85' lang='lat' dir='ltr'>posuissent,</span> <span class='ocrx_word' id='word_1_27' title='bbox 764 1180 807 1226; x_wconf 91' lang='lat' dir='ltr'>ne</span> <span class='ocrx_word' id='word_1_28' title='bbox 824 1154 1005 1227; x_wconf 83' lang='lat' dir='ltr'>ambitioni</span> <span class='ocrx_word' id='word_1_29' title='bbox 1020 1175 1078 1226; x_wconf 88' lang='lat' dir='ltr'>aut</span> <span class='ocrx_word' id='word_1_30' title='bbox 1088 1154 1235 1226; x_wconf 91' lang='lat' dir='ltr'>inimici·</span> 
     </span>
     <span class='ocr_line' id='line_1_6' title="bbox 271 1267 1237 1368; baseline 0.007 -30"><span class='ocrx_word' id='word_1_31' title='bbox 271 1275 299 1310; x_wconf 90' lang='lat'><strong>“</strong></span> <span class='ocrx_word' id='word_1_32' title='bbox 317 1267 373 1340; x_wconf 93' lang='lat' dir='ltr'>tiis</span> <span class='ocrx_word' id='word_1_33' title='bbox 391 1270 486 1341; x_wconf 92' lang='lat' dir='ltr'>locus</span> <span class='ocrx_word' id='word_1_34' title='bbox 510 1269 608 1344; x_wconf 89' lang='lat' dir='ltr'>soret.</span> <span class='ocrx_word' id='word_1_35' title='bbox 657 1272 757 1343; x_wconf 93' lang='lat' dir='ltr'>Nihil</span> <span class='ocrx_word' id='word_1_36' title='bbox 782 1273 941 1362; x_wconf 88' lang='lat' dir='ltr'>evenisse,</span> <span class='ocrx_word' id='word_1_37' title='bbox 969 1299 1030 1346; x_wconf 91' lang='lat' dir='ltr'>cur</span> <span class='ocrx_word' id='word_1_38' title='bbox 1047 1272 1237 1368; x_wconf 91' lang='lat' dir='ltr'>antiquitus</span> 
     </span>
     <span class='ocr_line' id='line_1_7' title="bbox 270 1385 1238 1487; baseline 0.007 -32"><span class='ocrx_word' id='word_1_39' title='bbox 270 1391 298 1427; x_wconf 91' lang='lat'><strong>“</strong></span> <span class='ocrx_word' id='word_1_40' title='bbox 317 1385 469 1458; x_wconf 89' lang='lat' dir='ltr'>instituta</span> <span class='ocrx_word' id='word_1_41' title='bbox 486 1388 740 1477; x_wconf 76' lang='lat' dir='ltr'>exolescerent,</span> <span class='ocrx_word' id='word_1_42' title='bbox 773 1410 833 1462; x_wconf 92' lang='lat' dir='ltr'>aut</span> <span class='ocrx_word' id='word_1_43' title='bbox 862 1391 1032 1487; x_wconf 93' lang='lat' dir='ltr'>Principis</span> <span class='ocrx_word' id='word_1_44' title='bbox 1059 1393 1170 1462; x_wconf 93' lang='lat' dir='ltr'>honor</span> <span class='ocrx_word' id='word_1_45' title='bbox 1201 1389 1238 1462; x_wconf 91' lang='lat' dir='ltr'>in</span> 
     </span>
     <span class='ocr_line' id='line_1_8' title="bbox 270 1503 1238 1600; baseline 0.006 -25"><span class='ocrx_word' id='word_1_46' title='bbox 270 1503 515 1600; x_wconf 89' lang='lat' dir='ltr'>“cujusquam</span> <span class='ocrx_word' id='word_1_47' title='bbox 553 1507 800 1580; x_wconf 90' lang='lat' dir='ltr'>contumeliam</span> <span class='ocrx_word' id='word_1_48' title='bbox 837 1512 1046 1581; x_wconf 90' lang='lat' dir='ltr'>verteretur:</span> <span class='ocrx_word' id='word_1_49' title='bbox 1087 1507 1238 1581; x_wconf 89' lang='lat' dir='ltr'>sufficere</span> 
     </span>
     <span class='ocr_line' id='line_1_9' title="bbox 268 1623 1233 1723; baseline 0.006 -31"><span class='ocrx_word' id='word_1_50' title='bbox 268 1629 296 1664; x_wconf 91' lang='lat'><strong>“</strong></span> <span class='ocrx_word' id='word_1_51' title='bbox 313 1647 433 1694; x_wconf 90' lang='lat' dir='ltr'>omnes</span> <span class='ocrx_word' id='word_1_52' title='bbox 451 1623 638 1720; x_wconf 92' lang='lat' dir='ltr'>obsequio:</span> <span class='ocrx_word' id='word_1_53' title='bbox 660 1626 694 1698; x_wconf 93' lang='lat' dir='ltr'>id</span> <span class='ocrx_word' id='word_1_54' title='bbox 719 1627 830 1723; x_wconf 91' lang='lat' dir='ltr'>magis</span> <span class='ocrx_word' id='word_1_55' title='bbox 846 1627 1039 1715; x_wconf 88' lang='lat' dir='ltr'>vitandum,</span> <span class='ocrx_word' id='word_1_56' title='bbox 1064 1652 1106 1698; x_wconf 90' lang='lat' dir='ltr'>ne</span> <span class='ocrx_word' id='word_1_57' title='bbox 1123 1627 1233 1723; x_wconf 89' lang='lat' dir='ltr'>pervi-</span> 
     </span>
     <span class='ocr_line' id='line_1_10' title="bbox 269 1741 1235 1842; baseline 0.003 -28"><span class='ocrx_word' id='word_1_58' title='bbox 269 1748 297 1784; x_wconf 88' lang='lat'>“</span> <span class='ocrx_word' id='word_1_59' title='bbox 314 1741 406 1814; x_wconf 67' lang='lat' dir='ltr'>cacis</span> <span class='ocrx_word' id='word_1_60' title='bbox 420 1744 651 1836; x_wconf 90' lang='lat' dir='ltr'>quorumdam</span> <span class='ocrx_word' id='word_1_61' title='bbox 669 1744 860 1817; x_wconf 83' lang='lat' dir='ltr'>inritaretur</span> <span class='ocrx_word' id='word_1_62' title='bbox 875 1745 1022 1836; x_wconf 90' lang='lat' dir='ltr'>animus,</span> <span class='ocrx_word' id='word_1_63' title='bbox 1037 1771 1129 1817; x_wconf 90' lang='lat' dir='ltr'>novo</span> <span class='ocrx_word' id='word_1_64' title='bbox 1142 1746 1235 1842; x_wconf 92' lang='lat' dir='ltr'>prin·</span> 
     </span>
     <span class='ocr_line' id='line_1_11' title="bbox 268 1859 1235 1960; baseline 0.005 -28"><span class='ocrx_word' id='word_1_65' title='bbox 268 1866 297 1902; x_wconf 90' lang='lat'><strong>“</strong></span> <span class='ocrx_word' id='word_1_66' title='bbox 314 1859 431 1955; x_wconf 92' lang='lat' dir='ltr'>cipatu</span> <span class='ocrx_word' id='word_1_67' title='bbox 447 1859 635 1956; x_wconf 89' lang='lat' dir='ltr'>suspensus,</span> <span class='ocrx_word' id='word_1_68' title='bbox 665 1866 698 1934; x_wconf 72' lang='grc' dir='ltr'>ἃ</span> <span class='ocrx_word' id='word_1_69' title='bbox 719 1865 835 1936; x_wconf 89' lang='lat' dir='ltr'>vultus</span> <span class='ocrx_word' id='word_1_70' title='bbox 851 1889 992 1960; x_wconf 89' lang='lat' dir='ltr'>quoque</span> <span class='ocrx_word' id='word_1_71' title='bbox 1007 1889 1046 1935; x_wconf 90' lang='lat' dir='ltr'>ac</span> <span class='ocrx_word' id='word_1_72' title='bbox 1065 1862 1235 1937; x_wconf 88' lang='lat' dir='ltr'>sermones</span> 
     </span>
     <span class='ocr_line' id='line_1_12' title="bbox 268 1978 1233 2078; baseline 0.006 -30"><span class='ocrx_word' id='word_1_73' title='bbox 268 1985 296 2021; x_wconf 91' lang='lat'><strong>“</strong></span> <span class='ocrx_word' id='word_1_74' title='bbox 312 1978 471 2050; x_wconf 92' lang='lat' dir='ltr'>omnium</span> <span class='ocrx_word' id='word_1_75' title='bbox 489 1979 786 2076; x_wconf 72' lang='lat' dir='ltr'>circumspeslans.</span> <span class='ocrx_word' id='word_1_76' title='bbox 836 1984 878 2054; x_wconf 91' lang='lat' dir='ltr'>Se</span> <span class='ocrx_word' id='word_1_77' title='bbox 893 1982 1082 2054; x_wconf 85' lang='lat' dir='ltr'>meminisse</span> <span class='ocrx_word' id='word_1_78' title='bbox 1099 2003 1233 2078; x_wconf 90' lang='lat' dir='ltr'>tempo·</span> 
     </span>
     <span class='ocr_line' id='line_1_13' title="bbox 267 2097 1235 2195; baseline 0.006 -27"><span class='ocrx_word' id='word_1_79' title='bbox 267 2105 296 2141; x_wconf 87' lang='lat'><strong>“</strong></span> <span class='ocrx_word' id='word_1_80' title='bbox 314 2101 405 2185; x_wconf 85' lang='lat' dir='ltr'>rum,</span> <span class='ocrx_word' id='word_1_81' title='bbox 436 2097 563 2192; x_wconf 88' lang='lat' dir='ltr'>quibus</span> <span class='ocrx_word' id='word_1_82' title='bbox 588 2118 684 2170; x_wconf 93' lang='lat' dir='ltr'>natus</span> <span class='ocrx_word' id='word_1_83' title='bbox 704 2103 757 2187; x_wconf 85' lang='lat' dir='ltr'>stt,</span> <span class='ocrx_word' id='word_1_84' title='bbox 783 2125 889 2195; x_wconf 89' lang='lat' dir='ltr'>quarn</span> <span class='ocrx_word' id='word_1_85' title='bbox 917 2099 1062 2173; x_wconf 87' lang='lat' dir='ltr'>civitatis</span> <span class='ocrx_word' id='word_1_86' title='bbox 1086 2099 1235 2174; x_wconf 89' lang='lat' dir='ltr'>sormam</span> 
     </span>
     <span class='ocr_line' id='line_1_14' title="bbox 266 2217 1234 2314; baseline 0.004 -27"><span class='ocrx_word' id='word_1_87' title='bbox 266 2223 293 2259; x_wconf 92' lang='lat'><strong>“</strong></span> <span class='ocrx_word' id='word_1_88' title='bbox 313 2236 422 2311; x_wconf 91' lang='lat' dir='ltr'>patres</span> <span class='ocrx_word' id='word_1_89' title='bbox 443 2217 567 2313; x_wconf 92' lang='lat' dir='ltr'>avique</span> <span class='ocrx_word' id='word_1_90' title='bbox 580 2217 796 2291; x_wconf 88' lang='lat' dir='ltr'>instituerint:</span> <span class='ocrx_word' id='word_1_91' title='bbox 820 2217 983 2290; x_wconf 89' lang='lat' dir='ltr'>ulteriora</span> <span class='ocrx_word' id='word_1_92' title='bbox 1000 2218 1127 2307; x_wconf 90' lang='lat' dir='ltr'>mirari,</span> <span class='ocrx_word' id='word_1_93' title='bbox 1147 2245 1234 2314; x_wconf 85' lang='lat' dir='ltr'>prae·</span> 
     </span>
     <span class='ocr_line' id='line_1_15' title="bbox 266 2333 1233 2432; baseline 0.003 -26"><span class='ocrx_word' id='word_1_94' title='bbox 266 2342 293 2377; x_wconf 88' lang='lat'><strong>“</strong></span> <span class='ocrx_word' id='word_1_95' title='bbox 313 2333 416 2408; x_wconf 91' lang='lat' dir='ltr'>sentia</span> <span class='ocrx_word' id='word_1_96' title='bbox 439 2334 556 2429; x_wconf 90' lang='lat' dir='ltr'>sequi:</span> <span class='ocrx_word' id='word_1_97' title='bbox 584 2338 695 2407; x_wconf 91' lang='lat' dir='ltr'>bonos</span> <span class='ocrx_word' id='word_1_98' title='bbox 712 2337 940 2432; x_wconf 86' lang='lat' dir='ltr'>Imperatores</span> <span class='ocrx_word' id='word_1_99' title='bbox 957 2357 1040 2410; x_wconf 89' lang='lat' dir='ltr'>voto</span> <span class='ocrx_word' id='word_1_100' title='bbox 1059 2358 1233 2432; x_wconf 84' lang='lat' dir='ltr'>expetere,</span> 
     </span>
     <span class='ocr_line' id='line_1_16' title="bbox 266 2452 1233 2552; baseline 0.004 -28"><span class='ocrx_word' id='word_1_101' title='bbox 266 2452 577 2550; x_wconf 88' lang='lat' dir='ltr'>“qualescumque</span> <span class='ocrx_word' id='word_1_102' title='bbox 601 2455 751 2526; x_wconf 88' lang='lat' dir='ltr'>tolerare.</span> <span class='ocrx_word' id='word_1_103' title='bbox 812 2457 898 2526; x_wconf 93' lang='lat' dir='ltr'>Non</span> <span class='ocrx_word' id='word_1_104' title='bbox 932 2455 1042 2552; x_wconf 90' lang='lat' dir='ltr'>magis</span> <span class='ocrx_word' id='word_1_105' title='bbox 1075 2454 1131 2528; x_wconf 66' lang='lat' dir='ltr'>sus</span> <span class='ocrx_word' id='word_1_106' title='bbox 1158 2481 1233 2528; x_wconf 90' lang='lat' dir='ltr'>ora·</span> 
     </span>
     <span class='ocr_line' id='line_1_17' title="bbox 265 2571 1232 2669; baseline 0.002 -26"><span class='ocrx_word' id='word_1_107' title='bbox 265 2572 404 2644; x_wconf 90' lang='lat' dir='ltr'>“tione</span> <span class='ocrx_word' id='word_1_108' title='bbox 428 2572 630 2661; x_wconf 88' lang='lat' dir='ltr'>Thraseam,</span> <span class='ocrx_word' id='word_1_109' title='bbox 659 2573 767 2668; x_wconf 72' lang='lat' dir='ltr'>quam</span> <span class='ocrx_word' id='word_1_110' title='bbox 789 2571 923 2669; x_wconf 85' lang='lat' dir='ltr'>judicio</span> <span class='ocrx_word' id='word_1_111' title='bbox 951 2573 1084 2645; x_wconf 78' lang='lat' dir='ltr'>senatlts</span> <span class='ocrx_word' id='word_1_112' title='bbox 1112 2573 1232 2646; x_wconf 89' lang='lat' dir='ltr'>adflic-</span> 
     </span>
     <span class='ocr_line' id='line_1_18' title="bbox 265 2689 1231 2787; baseline 0.001 -25"><span class='ocrx_word' id='word_1_113' title='bbox 265 2696 293 2734; x_wconf 86' lang='lat'><strong>“</strong></span> <span class='ocrx_word' id='word_1_114' title='bbox 313 2710 399 2762; x_wconf 89' lang='lat' dir='ltr'>tum.</span> <span class='ocrx_word' id='word_1_115' title='bbox 449 2690 624 2762; x_wconf 61' lang='lat' dir='ltr'>Saevitiam</span> <span class='ocrx_word' id='word_1_116' title='bbox 648 2689 810 2778; x_wconf 89' lang='lat' dir='ltr'>Neronis,</span> <span class='ocrx_word' id='word_1_117' title='bbox 837 2716 899 2787; x_wconf 90' lang='lat' dir='ltr'>per</span> <span class='ocrx_word' id='word_1_118' title='bbox 931 2690 1124 2787; x_wconf 89' lang='lat' dir='ltr'>hujusmodi</span> <span class='ocrx_word' id='word_1_119' title='bbox 1145 2691 1231 2763; x_wconf 91' lang='lat' dir='ltr'>ima·</span> 
     </span>
     <span class='ocr_line' id='line_1_19' title="bbox 265 2807 1231 2905; baseline 0.002 -25"><span class='ocrx_word' id='word_1_120' title='bbox 265 2816 293 2851; x_wconf 88' lang='lat'><strong>“</strong></span> <span class='ocrx_word' id='word_1_121' title='bbox 311 2808 407 2905; x_wconf 89' lang='lat' dir='ltr'>gines</span> <span class='ocrx_word' id='word_1_122' title='bbox 438 2807 606 2881; x_wconf 81' lang='lat' dir='ltr'>inlusisse:</span> <span class='ocrx_word' id='word_1_123' title='bbox 633 2833 698 2880; x_wconf 89' lang='lat' dir='ltr'>nec</span> <span class='ocrx_word' id='word_1_124' title='bbox 729 2808 842 2879; x_wconf 82' lang='lat' dir='ltr'>minlrs</span> <span class='ocrx_word' id='word_1_125' title='bbox 867 2809 927 2880; x_wconf 88' lang='lat' dir='ltr'>srbi</span> <span class='ocrx_word' id='word_1_126' title='bbox 954 2810 1094 2881; x_wconf 88' lang='lat' dir='ltr'>anxiam</span> <span class='ocrx_word' id='word_1_127' title='bbox 1125 2812 1231 2882; x_wconf 88' lang='lat' dir='ltr'>talem</span> 
     </span>
     <span class='ocr_line' id='line_1_20' title="bbox 264 2925 1230 3023; baseline -0.001 -24"><span class='ocrx_word' id='word_1_128' title='bbox 264 2934 292 2969; x_wconf 90' lang='lat'>“</span> <span class='ocrx_word' id='word_1_129' title='bbox 306 2925 505 3014; x_wconf 87' lang='lat' dir='ltr'>amicitiam,</span> <span class='ocrx_word' id='word_1_130' title='bbox 531 2928 637 3023; x_wconf 79' lang='lat' dir='ltr'>quam</span> <span class='ocrx_word' id='word_1_131' title='bbox 654 2926 727 2998; x_wconf 89' lang='lat' dir='ltr'>aliis</span> <span class='ocrx_word' id='word_1_132' title='bbox 746 2927 914 2999; x_wconf 75' lang='lat' dir='ltr'>exsiliunt.</span> <span class='ocrx_word' id='word_1_133' title='bbox 964 2927 1126 3023; x_wconf 87' lang='lat' dir='ltr'>Denique</span> <span class='ocrx_word' id='word_1_134' title='bbox 1147 2952 1230 2999; x_wconf 89' lang='lat' dir='ltr'>con-</span> 
     </span>
     <span class='ocr_line' id='line_1_21' title="bbox 264 3044 1232 3141; baseline -0.001 -24"><span class='ocrx_word' id='word_1_135' title='bbox 264 3052 291 3087; x_wconf 89' lang='lat'>“</span> <span class='ocrx_word' id='word_1_136' title='bbox 309 3045 441 3133; x_wconf 67' lang='lat' dir='ltr'>stantib,</span> <span class='ocrx_word' id='word_1_137' title='bbox 463 3044 675 3134; x_wconf 88' lang='lat' dir='ltr'>fortitudine,</span> <span class='ocrx_word' id='word_1_138' title='bbox 701 3045 937 3118; x_wconf 87' lang='lat' dir='ltr'>Catonibus&amp;</span> <span class='ocrx_word' id='word_1_139' title='bbox 956 3045 1066 3118; x_wconf 88' lang='lat' dir='ltr'>Brutis</span> <span class='ocrx_word' id='word_1_140' title='bbox 1083 3070 1232 3141; x_wconf 87' lang='lat' dir='ltr'>aequare-</span> 
     </span>
     <span class='ocr_line' id='line_1_22' title="bbox 263 3162 1230 3259; baseline -0.001 -24"><span class='ocrx_word' id='word_1_141' title='bbox 263 3169 292 3205; x_wconf 86' lang='lat'><strong>“</strong></span> <span class='ocrx_word' id='word_1_142' title='bbox 309 3184 366 3235; x_wconf 92' lang='lat' dir='ltr'>tur</span> <span class='ocrx_word' id='word_1_143' title='bbox 383 3163 567 3236; x_wconf 90' lang='lat' dir='ltr'>Helvidius</span> <span class='ocrx_word' id='word_1_144' title='bbox 584 3191 593 3233; x_wconf 72' lang='grc' dir='ltr'><strong><em>ε</em></strong></span> <span class='ocrx_word' id='word_1_145' title='bbox 621 3163 654 3235; x_wconf 90' lang='lat' dir='ltr'>se</span> <span class='ocrx_word' id='word_1_146' title='bbox 670 3190 780 3235; x_wconf 90' lang='lat' dir='ltr'>unum</span> <span class='ocrx_word' id='word_1_147' title='bbox 797 3165 862 3235; x_wconf 86' lang='lat' dir='ltr'>esse</span> <span class='ocrx_word' id='word_1_148' title='bbox 878 3189 922 3235; x_wconf 86' lang='lat' dir='ltr'>ex</span> <span class='ocrx_word' id='word_1_149' title='bbox 940 3164 999 3236; x_wconf 93' lang='lat' dir='ltr'>illo</span> <span class='ocrx_word' id='word_1_150' title='bbox 1015 3162 1144 3253; x_wconf 92' lang='lat' dir='ltr'>senatu,</span> <span class='ocrx_word' id='word_1_151' title='bbox 1169 3162 1230 3259; x_wconf 94' lang='lat' dir='ltr'>qui</span> 
     </span>
     <span class='ocr_line' id='line_1_23' title="bbox 263 3280 1229 3368; baseline 0.001 -16"><span class='ocrx_word' id='word_1_152' title='bbox 263 3287 291 3324; x_wconf 88' lang='lat'><strong>“</strong></span> <span class='ocrx_word' id='word_1_153' title='bbox 310 3283 407 3353; x_wconf 84' lang='lat' dir='ltr'>fimul</span> <span class='ocrx_word' id='word_1_154' title='bbox 435 3282 595 3354; x_wconf 89' lang='lat' dir='ltr'>servierit.</span> <span class='ocrx_word' id='word_1_155' title='bbox 644 3282 791 3353; x_wconf 88' lang='lat' dir='ltr'>Suadere</span> <span class='ocrx_word' id='word_1_156' title='bbox 817 3281 919 3353; x_wconf 89' lang='lat' dir='ltr'>etiam</span> <span class='ocrx_word' id='word_1_157' title='bbox 948 3281 1074 3368; x_wconf 90' lang='lat' dir='ltr'>Prisc0,</span> <span class='ocrx_word' id='word_1_158' title='bbox 1105 3306 1149 3352; x_wconf 89' lang='lat' dir='ltr'>ne</span> <span class='ocrx_word' id='word_1_159' title='bbox 1176 3280 1229 3353; x_wconf 93' lang='lat' dir='ltr'>su-</span> 
     </span>
     <span class='ocr_line' id='line_1_24' title="bbox 263 3399 1231 3497; baseline 0.001 -26"><span class='ocrx_word' id='word_1_160' title='bbox 263 3406 291 3442; x_wconf 90' lang='lat'><strong>“</strong></span> <span class='ocrx_word' id='word_1_161' title='bbox 310 3425 370 3495; x_wconf 95' lang='lat' dir='ltr'>pra</span> <span class='ocrx_word' id='word_1_162' title='bbox 385 3401 582 3497; x_wconf 89' lang='lat' dir='ltr'>Principem</span> <span class='ocrx_word' id='word_1_163' title='bbox 597 3401 782 3488; x_wconf 89' lang='lat' dir='ltr'>scanderet,</span> <span class='ocrx_word' id='word_1_164' title='bbox 800 3425 843 3472; x_wconf 93' lang='lat' dir='ltr'>ne</span> <span class='ocrx_word' id='word_1_165' title='bbox 860 3400 1102 3496; x_wconf 81' lang='lat' dir='ltr'>Vespasianum</span> <span class='ocrx_word' id='word_1_166' title='bbox 1116 3399 1231 3472; x_wconf 91' lang='lat' dir='ltr'>senem</span> 
     </span>
     <span class='ocr_line' id='line_1_25' title="bbox 263 3518 1229 3616; baseline -0.001 -25"><span class='ocrx_word' id='word_1_167' title='bbox 263 3527 291 3563; x_wconf 91' lang='lat'><strong>“</strong></span> <span class='ocrx_word' id='word_1_168' title='bbox 310 3519 570 3616; x_wconf 88' lang='lat' dir='ltr'>triumphalem,</span> <span class='ocrx_word' id='word_1_169' title='bbox 584 3518 756 3616; x_wconf 90' lang='lat' dir='ltr'>juvenum</span> <span class='ocrx_word' id='word_1_170' title='bbox 773 3519 957 3591; x_wconf 90' lang='lat' dir='ltr'>liberorum</span> <span class='ocrx_word' id='word_1_171' title='bbox 975 3538 1123 3614; x_wconf 89' lang='lat' dir='ltr'>patrem,</span> <span class='ocrx_word' id='word_1_172' title='bbox 1143 3543 1229 3614; x_wconf 83' lang='lat' dir='ltr'>prae·</span> 
     </span>
     <span class='ocr_line' id='line_1_26' title="bbox 262 3636 1264 3734; baseline -0.003 -24"><span class='ocrx_word' id='word_1_173' title='bbox 262 3639 416 3733; x_wconf 90' lang='lat' dir='ltr'>“ceptis</span> <span class='ocrx_word' id='word_1_174' title='bbox 447 3644 629 3711; x_wconf 78' lang='lat' dir='ltr'>coerceret.</span> <span class='ocrx_word' id='word_1_175' title='bbox 679 3638 870 3734; x_wconf 78' lang='lat' dir='ltr'>Qomodo</span> <span class='ocrx_word' id='word_1_176' title='bbox 903 3636 1048 3733; x_wconf 81' lang='lat' dir='ltr'>pessimis</span> <span class='ocrx_word' id='word_1_177' title='bbox 1076 3639 1229 3732; x_wconf 90' lang='lat' dir='ltr'>Impera·</span> <span class='ocrx_word' id='word_1_178' title='bbox 1261 3646 1264 3651; x_wconf 75' lang='grc'><strong><em>’</em></strong></span> 
     </span>
     <span class='ocr_line' id='line_1_27' title="bbox 262 3754 1230 3850; baseline -0.002 -22"><span class='ocrx_word' id='word_1_179' title='bbox 262 3757 439 3830; x_wconf 88' lang='lat' dir='ltr'>“toribus</span> <span class='ocrx_word' id='word_1_180' title='bbox 468 3760 535 3829; x_wconf 85' lang='lat' dir='ltr'>stne</span> <span class='ocrx_word' id='word_1_181' title='bbox 567 3759 635 3830; x_wconf 87' lang='lat' dir='ltr'>fine</span> <span class='ocrx_word' id='word_1_182' title='bbox 666 3755 955 3843; x_wconf 89' lang='lat' dir='ltr'>dominationem,</span> <span class='ocrx_word' id='word_1_183' title='bbox 990 3754 1035 3827; x_wconf 91' lang='lat' dir='ltr'>ita</span> <span class='ocrx_word' id='word_1_184' title='bbox 1070 3755 1230 3850; x_wconf 87' lang='lat' dir='ltr'>quamvis</span> 
     </span>
     <span class='ocr_line' id='line_1_28' title="bbox 261 3873 1230 3972; baseline -0.001 -26"><span class='ocrx_word' id='word_1_185' title='bbox 261 3874 453 3972; x_wconf 89' lang='lat' dir='ltr'>“egregiis</span> <span class='ocrx_word' id='word_1_186' title='bbox 493 3877 641 3948; x_wconf 91' lang='lat' dir='ltr'>modum</span> <span class='ocrx_word' id='word_1_187' title='bbox 688 3873 853 3947; x_wconf 91' lang='lat' dir='ltr'>libertatis</span> <span class='ocrx_word' id='word_1_188' title='bbox 895 3873 1063 3969; x_wconf 88' lang='lat' dir='ltr'>placere.&#39;’</span> <span class='ocrx_word' id='word_1_189' title='bbox 1137 3875 1230 3946; x_wconf 84' lang='lat' dir='ltr'>Haec</span> 
     </span>
     <span class='ocr_line' id='line_1_29' title="bbox 259 3989 1228 4095; baseline -0.004 -24"><span class='ocrx_word' id='word_1_190' title='bbox 259 3993 394 4095; x_wconf 87' lang='lat' dir='ltr'>magnis</span> <span class='ocrx_word' id='word_1_191' title='bbox 419 3992 592 4092; x_wconf 91' lang='lat' dir='ltr'>utrimque</span> <span class='ocrx_word' id='word_1_192' title='bbox 620 3992 895 4068; x_wconf 89' lang='lat' dir='ltr'>contentionibus</span> <span class='ocrx_word' id='word_1_193' title='bbox 917 3989 1057 4089; x_wconf 74' lang='lat' dir='ltr'>jadata,</span> <span class='ocrx_word' id='word_1_194' title='bbox 1091 3989 1228 4067; x_wconf 77' lang='lat' dir='ltr'>diversas</span> 
     </span>
    </p>
   </div>
   <div class='ocr_carea' id='block_1_3' title="bbox 684 4115 759 4211">
    <p class='ocr_par' dir='ltr' id='par_1_3' title="bbox 684 4115 759 4211">
     <span class='ocr_line' id='line_1_30' title="bbox 684 4115 759 4211; baseline 0 0"><span class='ocrx_word' id='word_1_195' title='bbox 684 4115 759 4211; x_wconf 82' lang='lat' dir='ltr'>Rs</span> 
     </span>
    </p>
   </div>
   <div class='ocr_carea' id='block_1_4' title="bbox 0 0 1504 5144">
    <p class='ocr_par' dir='ltr' id='par_1_4' title="bbox 0 0 1504 5144">
     <span class='ocr_line' id='line_1_31' title="bbox 0 0 1504 5144; baseline 0 4"><span class='ocrx_word' id='word_1_196' title='bbox 0 0 1504 5144; x_wconf 95' lang='lat' dir='ltr'> </span> 
     </span>
    </p>
   </div>
  </div>
 </body>
</html>
