3000 5144
229 522 233 528 “
337 538 407 590 210
563 498 1130 590 csc0nnra11Tacrrr

340 686 442 781 saepe,
471 684 577 782 quam
601 686 687 759 ratio
714 684 837 759 adsuit.
886 686 1047 760 Obvium
1066 685 1136 759 illic
1154 684 1319 762 Petilium

340 804 509 877 Cerialem
535 806 699 893 habuere,
722 805 844 902 agresti
868 807 978 895 cultu,
1012 810 1046 877 ὅτ
1074 804 1197 877 notitid
1219 807 1318 879 loco·

341 949 422 996 rum
445 922 614 995 custodias
635 923 765 994 Vitellii
790 922 953 1020 elapsum.
1003 922 1207 1020 Propinqua
1232 925 1320 996 adfl-

340 1042 428 1114 nitas
456 1039 582 1113 Ceriali
612 1066 694 1112 cum
712 1039 929 1136 Vespasiano,
961 1066 1023 1114 nec
1051 1040 1122 1138 ipse
1147 1040 1317 1137 inglorius

341 1159 497 1242 militiae3
527 1158 638 1255 eoque
654 1158 743 1231 inter
758 1160 864 1232 duces
878 1157 1076 1257 adsumptus
1090 1158 1148 1232 est.
1191 1167 1219 1202 “
1238 1161 1318 1231 Fla-

342 1286 369 1322 “
390 1277 447 1350 vio
465 1302 606 1374 quoque
629 1277 769 1365 Sabin0,
787 1303 826 1350 ae
843 1277 1047 1351 Domitiano
1064 1277 1207 1375 patuisse
1230 1278 1317 1349 effu-

344 1403 372 1440 “
393 1396 528 1493 gium,''
554 1395 655 1467 multi
673 1396 856 1467 tradidere.
907 1399 952 1467 Et
976 1396 1062 1468 missi
1088 1398 1134 1470 ab
1159 1394 1319 1468 Antonio

342 1512 469 1600 nuntii,
497 1537 557 1607 per
574 1512 683 1585 varias
701 1513 840 1585 fallendi
852 1535 938 1587 artes
956 1516 1195 1611 penetrabant,
1219 1521 1246 1556 “
1266 1516 1317 1587 lo·

343 1640 371 1677 “
391 1658 473 1704 cum
486 1656 525 1703 ac
539 1630 758 1726 praefidium’'
780 1631 1014 1705 monstrantes.
1051 1631 1195 1706 Sabinus
1213 1638 1240 1674 “
1261 1631 1314 1703 in-

343 1758 371 1795 “
390 1751 541 1822 habilem
558 1750 667 1822 labori
696 1756 730 1823 ὅτ
759 1750 909 1824 audaciae
925 1750 1185 1824 valetudinem’'
1201 1746 1316 1823 causa·

342 1872 467 1943 batur:
506 1867 711 1940 Domitiano
735 1870 852 1940 aderat
879 1868 1040 1941 animus:
1071 1868 1128 1942 sed
1159 1868 1317 1941 custodes

344 1986 523 2060 aVitellio
550 1986 672 2076 additi,
703 2012 918 2084 quamquam
947 1993 973 2029 “
997 1986 1030 2059 se
1057 1986 1163 2060 socios
1197 1983 1316 2083 suga?

345 2107 597 2204 promitterent,
611 2124 789 2201 tamqnam
801 2104 992 2179 insidiantes
1004 2105 1224 2178 timebantur.
1239 2107 1316 2199 ‚At-

344 2250 414 2322 que
426 2223 497 2319 ipse
509 2221 681 2311 Vitellius,
696 2221 847 2319 respectu
865 2223 999 2297 suarum
1012 2220 1313 2312 necessitudinum,

343 2343 430 2415 nihil
448 2342 483 2413 in
501 2339 746 2413 Domitianum
763 2360 864 2415 atrox
880 2345 1029 2441 parabat.

390 2462 473 2534 Lx.
499 2461 635 2531 Duces
652 2459 802 2555 partium
815 2481 853 2534 ut
863 2460 1017 2535 Carsulas
1033 2462 1172 2550 vendre,
1189 2486 1317 2557 paucos

343 2582 388 2654 ad
405 2578 558 2677 requiem
574 2577 647 2651 dies
675 2578 826 2669 sumunt,
853 2582 965 2654 donec
986 2581 1125 2678 aquilae,
1152 2583 1318 2676 signaque

342 2700 522 2797 legionum
547 2696 836 2794 adsequerentur:
868 2703 901 2771 δι
921 2702 1018 2774 locus
1034 2698 1102 2797 ipse
1129 2698 1319 2771 castrorum

344 2821 514 2916 placebat,
529 2816 593 2889 late
611 2815 844 2913 prospeslans,
870 2838 946 2890 tuto
958 2818 1136 2914 copiarum
1153 2815 1315 2913 aggestu,

342 2936 582 3011 florentissimis
600 2961 689 3031 pone
715 2956 852 3034 tergum
871 2936 1091 3032 municipiis:
1117 2936 1215 3008 simul
1233 2957 1316 3006 con·

343 3038 474 3153 loquia¹
488 3081 569 3127 cum
586 3054 787 3142 Vitellianis,
805 3056 927 3127 decem
945 3054 1094 3127 millium
1118 3053 1226 3150 spatio
1250 3052 1317 3124 dis-

341 3176 506 3261 tantibus,
538 3176 570 3243 δι
599 3173 746 3269 proditio
770 3171 977 3268 sperabatur.
1036 3173 1148 3270 AEgre
1179 3173 1215 3244 id
1244 3171 1316 3268 pati

345 3296 457 3382 miles,
477 3296 508 3364 ὅτ
532 3291 710 3363 visloriam
726 3293 841 3382 malle,
871 3293 978 3388 quam
1005 3317 1151 3388 pacem:
1175 3317 1220 3363 ne
1243 3289 1317 3363 suas

346 3413 489 3511 quidem
506 3411 660 3508 legiones
677 3411 953 3506 opperiebantur,
984 3431 1023 3483 ut
1041 3413 1182 3507 praedae,
1208 3411 1316 3507 quirm

347 3532 577 3631 periculorum
604 3528 718 3602 socias.
769 3529 918 3601 Vocatus
940 3531 982 3600 ad
1009 3528 1212 3601 concionem
1237 3535 1314 3600 An·

344 3652 457 3726 tonius
474 3648 606 3735 docuit,
638 3656 665 3690 “
682 3651 748 3720 elle
777 3650 889 3721 adhuc
914 3649 1052 3720 Vitellio
1074 3649 1175 3736 vires,
1200 3645 1313 3720 ambi·

346 3779 373 3814 “
392 3793 489 3866 guas,
509 3770 530 3838 si
547 3766 787 3856 deliberarent,
805 3793 911 3856 acres,
930 3772 952 3841 sr
968 3766 1203 3863 desperassent.
1246 3771 1315 3843 lni-

345 3896 373 3934 “
392 3889 439 3963 tia
457 3886 628 3958 bellorum
645 3883 803 3959 civilium
823 3884 968 3961 fortuna
982 3888 1224 3987 premittenda,
1244 3891 1315 3965 vic·
