3000 5144
311 600 332 668 6
577 599 618 669 C.
649 598 880 672 Conusiii
911 598 1090 672 Taciri

309 799 330 845 a
344 765 546 868 Vespasiano
563 773 774 863 inchoatam,
803 799 824 844 a
839 775 922 846 Tito
940 777 1090 863 audam,
1116 798 1136 846 a
1152 773 1278 847 Domi·

309 890 404 962 tiano
429 893 565 988 longius
594 897 792 988 provedam
818 920 887 965 non
911 894 1117 968 abnuerim:
1146 894 1204 967 sed
1225 893 1278 965 in-

309 1033 504 1105 corruptam
527 1013 633 1083 sidem
661 1012 825 1108 professis,
850 1038 916 1085 nec
939 1038 1056 1085 amore
1083 1010 1278 1110 quisquam,

311 1134 344 1201 δι
375 1133 442 1201 fine
471 1130 553 1201 odio
576 1131 743 1203 dicendus
770 1133 830 1204 est.
879 1130 986 1228 Qiod
1014 1135 1036 1203 si
1060 1130 1131 1204 vita
1154 1132 1278 1226 suppe-

310 1249 407 1337 ditet,
427 1248 657 1344 principatum
674 1251 745 1323 divi
764 1254 907 1338 Nervae,
927 1255 960 1321 ἃ
986 1249 1172 1345 imperium
1188 1251 1277 1321 Tra-

303 1366 391 1465 jani,
413 1368 607 1440 uberiorem
624 1369 898 1465 securioremque
925 1367 1103 1439 materiam
1120 1366 1281 1440 senestuti

307 1486 455 1583 seposui:
486 1491 559 1557 rarsi
577 1507 776 1583 temporum
794 1487 968 1576 felicitate,
986 1486 1048 1559 ubi
1066 1486 1186 1559 sentire
1203 1513 1281 1584 quae

310 1607 409 1695 velis,
432 1612 464 1677 ὅ(
484 1631 562 1700 quae
579 1603 699 1676 sentias
716 1605 831 1677 dicere
848 1605 940 1678 licet.

357 1727 403 1796 ΙΙ.
421 1726 524 1794 Opus
543 1722 726 1818 adgredior
739 1724 896 1820 opimum
914 1728 1058 1813 casibus,
1073 1746 1171 1798 atrox
1189 1751 1279 1821 proe·

310 1844 376 1931 liis,
399 1841 527 1913 discors
543 1838 779 1933 seditionibus,
803 1844 876 1941 ipsit
900 1844 1005 1918 etiam
1029 1871 1114 1941 pace
1141 1843 1280 1917 saevum.

308 1968 469 2059 Qiatuor
498 1959 674 2057 Principes
707 1961 797 2034 serro
825 1963 1033 2060 interempti.
1083 1964 1166 2035 Tria
1191 1964 1282 2035 bella

308 2081 436 2167 civilia,
464 2082 561 2175 plura
595 2100 751 2169 externa,
786 2108 827 2154 ac
856 2085 1062 2180 plerumque
1097 2080 1280 2177 permixta.

307 2199 493 2296 Prospera,
520 2199 554 2270 in
571 2199 713 2272 Oriente
721 2230 731 2285 ;
760 2201 923 2292 adversa,
950 2202 985 2273 in
1005 2202 1198 2274 Occidente
1216 2227 1280 2274 res.

306 2321 504 2393 Turbatuni
537 2319 737 2414 Illyricum:
779 2321 902 2393 Galliae
936 2341 1116 2394 nutantes:
1155 2322 1279 2417 perdo·

307 2439 394 2515 mita
407 2438 593 2527 Britannia,
608 2443 642 2511 ὅτ
658 2440 772 2512 statim
794 2441 911 2525 misl'a;
931 2460 1057 2513 coortae
1074 2439 1110 2511 in
1128 2465 1190 2511 nos
1203 2442 1280 2512 Sar·

308 2580 482 2633 matarum
506 2584 545 2630 ac
562 2561 752 2631 Suevorum
780 2579 923 2656 gentes:
954 2560 1152 2632 nobilitatus
1173 2558 1280 2630 cladi-

306 2683 371 2752 bus
396 2677 524 2749 mutuis
541 2679 656 2749 Dacus
673 2706 683 2748 ι
712 2700 807 2750 mota
824 2679 927 2750 etiam
949 2680 1056 2775 prope
1073 2681 1281 2750 Parthorum

305 2824 401 2873 arina
426 2797 496 2868 falsi
519 2797 672 2868 Neronis
688 2797 853 2870 ludibrio.
904 2800 986 2892 Jam
1005 2797 1087 2870 verb
1103 2798 1201 2871 Italia
1218 2823 1280 2869 no-

304 2921 357 2992 vis
378 2917 546 3004 cladibus,
577 2917 633 2986 sel
665 2917 740 3011 post
766 2918 910 3014 longam
934 2917 1135 2990 saeculorum
1163 2916 1282 2988 seriem

303 3037 470 3136 repetitis,
501 3034 648 3107 adflicta.
698 3036 841 3108 Haustae
863 3057 922 3108 aut
946 3039 1078 3109 obrutae
1103 3038 1204 3108 urbes
1232 3034 1282 3107 fe·

303 3157 506 3231 cundissinisi
522 3151 723 3249 Campaniae
747 3156 827 3226 orsi:
850 3159 882 3226 δι
907 3157 1002 3228 Urbs
1024 3154 1189 3227 incendiis
1207 3153 1281 3226 vas-

304 3297 389 3363 tata,
413 3273 625 3368 consumptis
642 3273 879 3369 antiquissimis
896 3273 1064 3363 delubris,
1084 3274 1154 3370 ipso
1173 3274 1280 3371 Capi-

301 3397 386 3469 tolio
415 3393 546 3466 civium
572 3392 732 3464 manibus
764 3392 925 3466 incenso:
957 3394 1097 3489 pollutae
1124 3392 1281 3466 caerimo·

304 3517 394 3588 niae:
430 3538 558 3608 magna
591 3513 782 3585 adulteria:
826 3515 968 3610 plenum
1002 3511 1124 3583 exsiliis
1157 3537 1281 3584 mare:

305 3632 421 3707 infesti
439 3632 591 3703 cedibus
609 3631 739 3728 scopuli
757 3661 765 3703 :
786 3632 932 3703 atrocius
948 3630 984 3702 in
997 3632 1096 3703 Urbe
1113 3629 1282 3702 saevitum.

304 3750 491 3836 Nobilitas,
523 3776 621 3845 opes,
649 3751 760 3822 omissi
786 3750 941 3846 gestique
964 3753 1113 3821 honores
1135 3776 1196 3845 pro
1215 3749 1281 3821 cri·

305 3870 423 3953 inine;
452 3872 484 3939 δι
510 3871 556 3940 ob
579 3868 736 3956 virtutes,
756 3868 973 3941 certissimum
997 3868 1154 3940 exitium.
1203 3870 1282 3939 Nec

304 3991 419 4069 minus
432 3987 572 4087 praemia
584 3990 780 4062 delatorum
792 3986 911 4080 invisa,
923 3987 1031 4086 quam
1041 3985 1186 4062 scelera:
1199 3987 1284 4060 ciuis
