3000 5144
442 556 1061 636 Hasroniaauqus.lIl.
1171 564 1233 637 181

270 727 502 826 “providum
524 732 609 804 irriti
626 733 802 822 stabimus,
832 733 1048 806 altitudinem
1073 733 1234 821 turrium,

269 854 297 892 “
315 851 349 920 δι
377 849 487 921 aliena
515 850 728 923 munimenta
759 851 940 924 mirantes?
1003 852 1099 948 Qun
1125 851 1237 947 potius

264 974 293 1011 “
311 971 406 1041 moral
427 967 539 1040 noblis
553 956 666 1057 unius,
690 969 840 1042 adreelis
857 969 1034 1043 tormentis
1051 967 1232 1041 machinis-

268 1094 296 1130 “
313 1112 394 1185 que,
435 1085 509 1158 vim
548 1087 795 1184 vietoriamque
827 1087 1006 1160 nobiscum
1038 1087 1232 1160 ferimus?'’

268 1204 374 1278 Simul
387 1205 473 1277 lixas
485 1204 699 1302 calonesque,
718 1231 800 1277 curn
814 1204 1045 1278 recentiffimis
1062 1207 1233 1302 equitum,

267 1321 468 1396 Bebriacum
498 1324 616 1414 mittit,
648 1323 779 1420 copias,
805 1343 983 1420 ceteraque
1013 1323 1086 1396 usui
1101 1325 1232 1396 adlatu-

271 1465 337 1513 ros.
926 1520 928 1525 ,

318 1562 419 1633 XXI.
445 1560 488 1632 lo
506 1560 589 1633 verb
606 1563 697 1657 aegre
721 1563 885 1634 tolerante
910 1563 1033 1652 milite,
1062 1586 1170 1659 prope
1186 1559 1235 1633 se-

269 1677 437 1751 ditionem
461 1701 616 1771 ventum,
645 1680 727 1751 cum
745 1681 906 1776 progreffi
926 1680 1058 1777 equites
1080 1681 1141 1753 sub
1164 1677 1234 1776 ipsa

264 1797 408 1887 moenia,
423 1823 529 1893 vagos
546 1823 590 1870 ex
607 1799 891 1872 Cremonensibus
909 1800 1100 1895 corripiunt
1117 1828 1125 1870 :
1146 1824 1234 1895 quo·

266 1939 345 1987 rum
373 1914 502 1988 indicio
527 1915 689 2005 noscitur,
709 1913 812 1989 “sex
837 1917 1036 1989 Vitellianas
1065 1917 1231 2014 legiones,

265 2039 293 2075 “
310 2058 522 2131 omnemque
538 2033 742 2122 exercitum,
772 2035 832 2130 qui
857 2035 1013 2107 Hostiliae
1031 2054 1158 2132 egerat,
1188 2059 1232 2107 eo

264 2158 292 2195 “
309 2151 381 2248 ipso
404 2152 460 2224 die
482 2152 622 2249 triginta
639 2152 747 2224 millia
763 2154 918 2249 paffuum
931 2153 1118 2242 emensum,
1132 2179 1231 2226 com·

264 2278 291 2314 “
312 2273 405 2367 perta
420 2270 556 2343 suorum
575 2273 687 2360 clade,
706 2271 741 2342 in
754 2270 917 2366 proelium
933 2271 1082 2368 accingi,
1100 2297 1139 2344 ac
1156 2270 1231 2367 jam

263 2396 290 2433 “
310 2388 464 2461 adfore.''
517 2391 550 2462 Is
576 2410 681 2461 terror
708 2391 899 2462 obstructas
924 2409 1056 2464 mentes
1084 2391 1230 2464 consiliis

260 2509 357 2582 ducis
379 2508 522 2604 aperuit.
571 2509 693 2581 Sistere
723 2508 1029 2582 tertiamdecimam
1052 2509 1228 2607 legionem

261 2627 297 2699 in
322 2626 393 2724 ipso
411 2627 476 2701 viae
499 2627 684 2699 Postumiae
710 2653 838 2724 aggere
854 2625 969 2722 jubet,
994 2629 1050 2700 cui
1070 2626 1191 2723 junela
1210 2609 1232 2701 a

261 2747 350 2818 laevo
364 2744 505 2840 septima
527 2745 709 2834 Galbiana,
728 2745 856 2841 patenti
875 2771 1000 2841 campo
1023 2745 1126 2833 stetit,
1148 2746 1230 2818 dein

262 2862 406 2960 septima
431 2864 635 2954 Claudiana,
663 2864 785 2961 agresti
815 2861 901 2935 fossa
923 2862 988 2957 (ita
1017 2864 1113 2935 locus
1139 2866 1227 2957 erat)

263 2982 468 3079 praemunita
478 3010 490 3066 3
515 2983 652 3072 dextro,
670 2984 790 3054 oetava
817 3006 878 3076 per
895 3002 1053 3076 apertum
1070 2980 1230 3072 limitem,

262 3127 347 3174 mox
373 3098 484 3188 tertia,
512 3101 622 3173 densis
647 3100 788 3173 arbustis
812 3096 1016 3195 intersepta:
1044 3099 1101 3171 hic
1128 3100 1228 3196 aqui·

262 3221 375 3292 larum
394 3221 639 3313 signorumque
661 3219 771 3290 ordo:
803 3217 925 3293 milites
942 3217 1041 3289 mixti
1060 3244 1120 3314 per
1135 3240 1229 3291 tene·

261 3341 351 3428 bras,
369 3357 408 3409 ut
425 3334 494 3407 fors
507 3337 628 3408 tulerat
645 3364 653 3407 :
674 3335 916 3433 praetorianum
931 3335 1101 3408 vexillum
1114 3337 1229 3433 proxi·

260 3482 360 3530 mum
376 3455 527 3529 tertianis
541 3485 552 3541 ;
570 3457 732 3528 cohortes
743 3453 967 3543 auxiliorum,
986 3453 1022 3525 in
1040 3454 1224 3528 cornibus:

259 3579 364 3650 latera
390 3601 430 3648 ac
454 3594 565 3671 terga,
600 3573 716 3670 equite
737 3572 960 3645 circumdata.
1020 3573 1103 3645 Sido
1126 3595 1228 3669 atque

262 3694 413 3781 Italicus,
431 3694 545 3782 Suevi,
572 3718 653 3766 cum
671 3691 809 3765 deleatis
827 3691 1064 3788 popularium,
1084 3691 1227 3789 primori

260 3813 296 3886 in
312 3813 384 3888 acie
396 3812 625 3887 versabantur.

686 3931 724 4002 N
743 3953 762 4025 s
