3000 5144
395 557 638 629 Drnuoous
675 576 731 625 nn
767 555 1090 626 Onnronrnns.
1191 575 1235 648 33

271 745 348 799 tum
365 730 409 800 ab
424 728 617 824 eloquentis
639 752 758 800 comm
776 727 1026 813 recesserimus3
1052 752 1133 800 curn
1153 751 1238 823 prae·

268 844 380 917 sertim
403 867 542 919 centum
571 851 604 918 δι
634 845 760 942 viginti
784 872 892 918 annos
915 849 961 918 ab
984 847 1122 919 interitu
1139 845 1239 919 Cice-

266 964 360 1037 ronis
375 964 411 1036 in
428 967 520 1038 hunc
537 964 631 1038 diem
651 964 741 1038 effici
764 963 851 1038 ratio
868 985 1065 1060 temporum
1087 966 1237 1062 college·

265 1080 323 1153 rit.

316 1201 433 1272 XXV.
458 1204 552 1274 Tun
573 1203 726 1295 Messala:
751 1205 918 1300 Sequara
942 1222 976 1275 te
1004 1200 1239 1298 praescriptam

266 1315 431 1409 sormam,
459 1324 641 1394 Materne:
669 1321 894 1418 nequeenim
917 1321 977 1394 diu
1003 1319 1237 1394 contradicen-

262 1437 354 1509 dum
376 1439 425 1511 est
448 1445 558 1536 Apro,
584 1439 644 1536 qui
668 1439 836 1536 primum,
864 1460 904 1513 ut
924 1440 1060 1536 opinor,
1088 1438 1239 1511 nominis

263 1563 530 1631 controversum
546 1558 672 1648 movit,
687 1579 865 1656 tamquam
878 1585 1001 1655 parum
1019 1558 1159 1655 proprie
1176 1584 1237 1630 an-

263 1676 354 1773 tiqui
379 1699 595 1765 vocarentur,
622 1703 710 1774 quos
731 1678 808 1750 satis
832 1678 962 1751 constat
994 1698 1072 1750 ante
1097 1697 1239 1750 centum

264 1821 372 1867 annos
390 1795 497 1868 fuisse.
538 1794 632 1868 Mihi
649 1815 766 1868 autem
782 1797 827 1869 de
843 1798 1014 1870 vocabulo
1031 1821 1147 1893 pugna
1165 1822 1235 1869 non

263 1915 413 2003 est,s1ve
435 1914 511 1987 illos
528 1914 700 2010 antiquos,
724 1917 791 1987 sive
815 1912 972 2010 majores,
1002 1918 1068 1988 srve
1085 1941 1156 2012 quo
1170 1916 1238 1988 alio

264 2035 400 2106 mavult
424 2033 579 2123 nornine,
606 2035 778 2130 appellet:
808 2033 1001 2107 dummodo
1029 2033 1065 2106 in
1086 2033 1237 2107 confesso

264 2156 317 2241 srt,
347 2151 608 2225 eminentiorem
632 2152 771 2226 illorum
788 2173 987 2250 temporum
1004 2152 1238 2248 eloquentiam

262 2269 369 2344 fuisse.
419 2273 478 2345 Ne
494 2270 544 2343 iiii
562 2270 705 2368 quidem
725 2271 810 2368 parti
827 2271 990 2344 sermonis
1013 2270 1084 2369 ejus
1106 2296 1235 2368 repug-

262 2414 323 2479 no,
359 2393 381 2462 s1
414 2391 600 2487 quominus
635 2389 770 2481 fatetur,
799 2392 913 2488 plures
937 2389 1064 2465 formas
1096 2390 1235 2465 dicendi

262 2509 364 2582 etiam
392 2509 509 2582 iisdem
533 2509 677 2598 saeeulis,
712 2511 843 2582 nedum
876 2510 1026 2600 diversrs,
1061 2511 1234 2584 exstitisse.

261 2630 329 2701 Sed
357 2630 537 2724 quomodo
565 2628 654 2700 inter
681 2628 817 2700 Atticos
840 2650 989 2701 oratores
1013 2631 1132 2726 primae
1162 2633 1233 2703 De-

262 2747 433 2827 mostheni
450 2747 660 2833 tribuuntur,
680 2745 880 2840 proximum
892 2769 1009 2819 autern
1023 2748 1137 2819 locum
1155 2747 1234 2821 AEs-

261 2867 392 2956 chines,
419 2871 452 2941 &
471 2863 684 2960 Hyperides,
704 2867 737 2936 &
755 2865 887 2958 Lysias,
912 2869 944 2938 ἃ
962 2866 1145 2961 Lycurgus
1169 2867 1233 2937 ob·

261 2986 388 3076 tinent,
422 2985 581 3057 omnium
612 3003 730 3056 autem
763 2980 923 3055 consensu
955 2983 1029 3055 haec
1056 3006 1234 3056 oratorum

261 3126 341 3179 aetas
364 3103 518 3178 maxime
537 3105 723 3201 probatur:
755 3105 798 3174 fic
815 3102 907 3198 apud
932 3127 995 3175 nos
1014 3100 1139 3174 Cicero
1155 3101 1233 3198 qui·

259 3225 342 3296 dem
369 3244 498 3296 ceteros
518 3224 721 3296 eorumdem
748 3243 945 3317 temporum
970 3218 1108 3292 disertos
1137 3243 1232 3294 ante·

261 3344 371 3415 cessrt:
391 3343 519 3415 Calvus
536 3363 665 3431 autem,
680 3343 717 3413 δι
735 3341 885 3429 Afinius,
905 3345 938 3413 ὅ(
956 3338 1079 3428 Caesar,
1098 3343 1131 3411 δι
1149 3341 1233 3412 Coe·

262 3460 341 3548 lius,
362 3465 395 3533 &
411 3463 547 3550 Brutus,
564 3459 727 3558 suojure,
748 3465 781 3533 ὅ(
800 3458 986 3556 prioribus,
1011 3457 1232 3555 &sequenti-

263 3583 327 3654 bus
339 3598 617 3675 anteponuntur:
644 3605 708 3652 nec
724 3577 836 3666 refert,
855 3576 949 3675 quod
966 3577 1052 3649 inter
1066 3575 1099 3648 se
1122 3575 1234 3672 specie

262 3699 434 3788 differant,
473 3700 555 3772 cirm
589 3723 714 3795 genere
747 3696 967 3771 consentiant.
1032 3693 1234 3767 Adstridior

261 3819 405 3908 Calvus,
441 3822 650 3890 numerosior
678 3817 829 3904 Asrnius,
868 3812 1078 3912 splendidior
1106 3811 1229 3901 Caesar,

261 3938 407 4014 anurior
427 3935 572 4029 Coelius,
599 3934 733 4035 gravior
757 3937 892 4026 Brutus,
926 3931 1175 4026 vehementior,
1197 3935 1232 4012 &

730 4053 767 4129 D
