<?xml version="1.0" encoding="UTF-8"?>
<!DOCTYPE html PUBLIC "-//W3C//DTD XHTML 1.0 Transitional//EN"
    "http://www.w3.org/TR/xhtml1/DTD/xhtml1-transitional.dtd">
<html xmlns="http://www.w3.org/1999/xhtml" xml:lang="en" lang="en">
 <head>
  <title>
</title>
<meta http-equiv="Content-Type" content="text/html;charset=utf-8" />
  <meta name='ocr-system' content='tesseract 3.04.00' />
  <meta name='ocr-capabilities' content='ocr_page ocr_carea ocr_par ocr_line ocrx_word'/>
</head>
<body>
  <div class='ocr_page' id='page_1' title='image "./ccorneliitaciti02ernegoog_0307.png"; bbox 0 0 3000 5144; ppageno 0'>
   <div class='ocr_carea' id='block_1_1' title="bbox 434 595 1228 694">
    <p class='ocr_par' dir='ltr' id='par_1_1' title="bbox 434 595 1228 694">
     <span class='ocr_line' id='line_1_1' title="bbox 434 595 1228 694; baseline -0.005 -23"><span class='ocrx_word' id='word_1_1' title='bbox 434 598 820 671; x_wconf 76' lang='lat' dir='ltr'>Hrsronrnnuru</span> <span class='ocrx_word' id='word_1_2' title='bbox 852 595 959 666; x_wconf 82' lang='lat' dir='ltr'>Lrn.</span> <span class='ocrx_word' id='word_1_3' title='bbox 993 595 1054 668; x_wconf 88' lang='lat' dir='ltr'>IV.</span> <span class='ocrx_word' id='word_1_4' title='bbox 1159 617 1228 694; x_wconf 83' lang='lat'>299</span> 
     </span>
    </p>
   </div>
   <div class='ocr_carea' id='block_1_2' title="bbox 260 766 1233 4045">
    <p class='ocr_par' dir='ltr' id='par_1_2' title="bbox 265 766 1232 2017">
     <span class='ocr_line' id='line_1_2' title="bbox 266 766 1232 864; baseline -0.003 -23"><span class='ocrx_word' id='word_1_5' title='bbox 266 792 341 864; x_wconf 90' lang='lat' dir='ltr'>pars</span> <span class='ocrx_word' id='word_1_6' title='bbox 374 788 491 839; x_wconf 90' lang='lat' dir='ltr'>monte</span> <span class='ocrx_word' id='word_1_7' title='bbox 521 768 639 856; x_wconf 87' lang='lat' dir='ltr'>Grai0‚</span> <span class='ocrx_word' id='word_1_8' title='bbox 676 770 912 841; x_wconf 89' lang='lat' dir='ltr'>traducuntur.</span> <span class='ocrx_word' id='word_1_9' title='bbox 966 766 1232 862; x_wconf 79' lang='lat' dir='ltr'>Qarradecima</span> 
     </span>
     <span class='ocr_line' id='line_1_3' title="bbox 266 883 1232 983; baseline 0 -27"><span class='ocrx_word' id='word_1_10' title='bbox 266 887 356 983; x_wconf 86' lang='lat' dir='ltr'>legio</span> <span class='ocrx_word' id='word_1_11' title='bbox 383 912 402 958; x_wconf 90' lang='lat' dir='ltr'>e</span> <span class='ocrx_word' id='word_1_12' title='bbox 427 885 611 973; x_wconf 60' lang='lat' dir='ltr'>Britannis,</span> <span class='ocrx_word' id='word_1_13' title='bbox 647 885 740 958; x_wconf 86' lang='lat' dir='ltr'>sexta</span> <span class='ocrx_word' id='word_1_14' title='bbox 760 912 800 958; x_wconf 92' lang='lat' dir='ltr'>ac</span> <span class='ocrx_word' id='word_1_15' title='bbox 829 883 965 957; x_wconf 86' lang='lat' dir='ltr'>decima</span> <span class='ocrx_word' id='word_1_16' title='bbox 991 909 1034 954; x_wconf 87' lang='lat' dir='ltr'>ex</span> <span class='ocrx_word' id='word_1_17' title='bbox 1064 885 1232 979; x_wconf 69' lang='lat' dir='ltr'>Hispania</span> 
     </span>
     <span class='ocr_line' id='line_1_4' title="bbox 266 1001 1231 1100; baseline -0.001 -25"><span class='ocrx_word' id='word_1_18' title='bbox 266 1005 396 1076; x_wconf 84' lang='lat' dir='ltr'>accirae.</span> <span class='ocrx_word' id='word_1_19' title='bbox 446 1004 559 1100; x_wconf 85' lang='lat' dir='ltr'>Igitur</span> <span class='ocrx_word' id='word_1_20' title='bbox 572 1004 735 1076; x_wconf 89' lang='lat' dir='ltr'>venientis</span> <span class='ocrx_word' id='word_1_21' title='bbox 753 1003 921 1075; x_wconf 81' lang='lat' dir='ltr'>exercitbs</span> <span class='ocrx_word' id='word_1_22' title='bbox 938 1002 1043 1090; x_wconf 78' lang='lat' dir='ltr'>samal,</span> <span class='ocrx_word' id='word_1_23' title='bbox 1058 1006 1090 1072; x_wconf 72' lang='grc' dir='ltr'>δι</span> <span class='ocrx_word' id='word_1_24' title='bbox 1113 1001 1231 1098; x_wconf 86' lang='lat' dir='ltr'>suopte</span> 
     </span>
     <span class='ocr_line' id='line_1_5' title="bbox 267 1120 1230 1218; baseline 0 -26"><span class='ocrx_word' id='word_1_25' title='bbox 267 1122 408 1218; x_wconf 85' lang='lat' dir='ltr'>ingenio</span> <span class='ocrx_word' id='word_1_26' title='bbox 430 1123 474 1192; x_wconf 88' lang='lat' dir='ltr'>ad</span> <span class='ocrx_word' id='word_1_27' title='bbox 491 1121 623 1193; x_wconf 92' lang='lat' dir='ltr'>mitiora</span> <span class='ocrx_word' id='word_1_28' title='bbox 641 1121 844 1215; x_wconf 84' lang='lat' dir='ltr'>inclinantes</span> <span class='ocrx_word' id='word_1_29' title='bbox 859 1122 1047 1193; x_wconf 90' lang='lat' dir='ltr'>Galliarum</span> <span class='ocrx_word' id='word_1_30' title='bbox 1065 1120 1230 1208; x_wconf 89' lang='lat' dir='ltr'>civitates,</span> 
     </span>
     <span class='ocr_line' id='line_1_6' title="bbox 266 1238 1232 1333; baseline -0.001 -22"><span class='ocrx_word' id='word_1_31' title='bbox 266 1240 301 1311; x_wconf 92' lang='lat' dir='ltr'>in</span> <span class='ocrx_word' id='word_1_32' title='bbox 324 1244 455 1311; x_wconf 86' lang='lat' dir='ltr'>Remos</span> <span class='ocrx_word' id='word_1_33' title='bbox 482 1243 691 1312; x_wconf 71' lang='lat' dir='ltr'>convendre.</span> <span class='ocrx_word' id='word_1_34' title='bbox 735 1243 969 1312; x_wconf 86' lang='lat' dir='ltr'>Treveromm</span> <span class='ocrx_word' id='word_1_35' title='bbox 1003 1238 1128 1333; x_wconf 83' lang='lat' dir='ltr'>legatio</span> <span class='ocrx_word' id='word_1_36' title='bbox 1160 1238 1232 1310; x_wconf 90' lang='lat' dir='ltr'>illic</span> 
     </span>
     <span class='ocr_line' id='line_1_7' title="bbox 266 1356 1230 1452; baseline 0.001 -24"><span class='ocrx_word' id='word_1_37' title='bbox 266 1357 518 1452; x_wconf 82' lang='lat' dir='ltr'>opperiebatur,</span> <span class='ocrx_word' id='word_1_38' title='bbox 541 1360 706 1430; x_wconf 90' lang='lat' dir='ltr'>acerrimo</span> <span class='ocrx_word' id='word_1_39' title='bbox 724 1357 918 1429; x_wconf 69' lang='lat' dir='ltr'>instinstore</span> <span class='ocrx_word' id='word_1_40' title='bbox 935 1356 1013 1428; x_wconf 93' lang='lat' dir='ltr'>belli</span> <span class='ocrx_word' id='word_1_41' title='bbox 1026 1357 1144 1427; x_wconf 90' lang='lat' dir='ltr'>Tullio</span> <span class='ocrx_word' id='word_1_42' title='bbox 1161 1358 1230 1429; x_wconf 84' lang='lat' dir='ltr'>Va·</span> 
     </span>
     <span class='ocr_line' id='line_1_8' title="bbox 267 1474 1232 1572; baseline 0.001 -27"><span class='ocrx_word' id='word_1_43' title='bbox 267 1475 406 1546; x_wconf 83' lang='lat' dir='ltr'>lentin0.</span> <span class='ocrx_word' id='word_1_44' title='bbox 456 1479 488 1547; x_wconf 89' lang='lat' dir='ltr'>ls</span> <span class='ocrx_word' id='word_1_45' title='bbox 521 1477 685 1548; x_wconf 68' lang='lat' dir='ltr'>meditata</span> <span class='ocrx_word' id='word_1_46' title='bbox 717 1474 881 1563; x_wconf 91' lang='lat' dir='ltr'>oratione,</span> <span class='ocrx_word' id='word_1_47' title='bbox 922 1476 1058 1563; x_wconf 71' lang='lat' dir='ltr'>cundia,</span> <span class='ocrx_word' id='word_1_48' title='bbox 1098 1474 1232 1572; x_wconf 86' lang='lat' dir='ltr'>magnis</span> 
     </span>
     <span class='ocr_line' id='line_1_9' title="bbox 265 1590 1232 1690; baseline 0.002 -28"><span class='ocrx_word' id='word_1_49' title='bbox 265 1590 418 1686; x_wconf 88' lang='lat' dir='ltr'>imperiis</span> <span class='ocrx_word' id='word_1_50' title='bbox 446 1593 604 1690; x_wconf 72' lang='lat' dir='ltr'>objestari</span> <span class='ocrx_word' id='word_1_51' title='bbox 633 1593 742 1681; x_wconf 86' lang='lat' dir='ltr'>solita,</span> <span class='ocrx_word' id='word_1_52' title='bbox 767 1590 1056 1688; x_wconf 81' lang='lat' dir='ltr'>contumeliasque</span> <span class='ocrx_word' id='word_1_53' title='bbox 1086 1597 1118 1663; x_wconf 90' lang='lat'>&amp;</span> <span class='ocrx_word' id='word_1_54' title='bbox 1141 1591 1232 1664; x_wconf 90' lang='lat' dir='ltr'>invi·</span> 
     </span>
     <span class='ocr_line' id='line_1_10' title="bbox 265 1697 1232 1807; baseline 0.004 -28"><span class='ocrx_word' id='word_1_55' title='bbox 265 1709 359 1781; x_wconf 85' lang='lat' dir='ltr'>diam</span> <span class='ocrx_word' id='word_1_56' title='bbox 384 1697 419 1781; x_wconf 93' lang='lat' dir='ltr'>in</span> <span class='ocrx_word' id='word_1_57' title='bbox 461 1714 630 1807; x_wconf 90' lang='lat' dir='ltr'>populum</span> <span class='ocrx_word' id='word_1_58' title='bbox 667 1715 870 1783; x_wconf 89' lang='lat' dir='ltr'>Romanum</span> <span class='ocrx_word' id='word_1_59' title='bbox 896 1709 1041 1794; x_wconf 81' lang='lat' dir='ltr'>effudit3</span> <span class='ocrx_word' id='word_1_60' title='bbox 1077 1711 1232 1783; x_wconf 84' lang='lat' dir='ltr'>turbidus</span> 
     </span>
     <span class='ocr_line' id='line_1_11' title="bbox 267 1825 1230 1925; baseline 0.001 -27"><span class='ocrx_word' id='word_1_61' title='bbox 267 1825 445 1899; x_wconf 83' lang='lat' dir='ltr'>miscendis</span> <span class='ocrx_word' id='word_1_62' title='bbox 462 1828 698 1918; x_wconf 87' lang='lat' dir='ltr'>seditionibus,</span> <span class='ocrx_word' id='word_1_63' title='bbox 718 1832 750 1900; x_wconf 76' lang='grc' dir='ltr'>δι</span> <span class='ocrx_word' id='word_1_64' title='bbox 769 1827 935 1925; x_wconf 90' lang='lat' dir='ltr'>plerisque</span> <span class='ocrx_word' id='word_1_65' title='bbox 957 1847 1073 1923; x_wconf 83' lang='lat' dir='ltr'>gratus</span> <span class='ocrx_word' id='word_1_66' title='bbox 1090 1829 1230 1902; x_wconf 88' lang='lat' dir='ltr'>vecordi</span> 
     </span>
     <span class='ocr_line' id='line_1_12' title="bbox 265 1941 432 2017; baseline 0.012 -2"><span class='ocrx_word' id='word_1_67' title='bbox 265 1941 432 2017; x_wconf 63' lang='lat' dir='ltr'>facundia</span> 
     </span>
    </p>

    <p class='ocr_par' dir='ltr' id='par_1_3' title="bbox 260 2061 1233 4045">
     <span class='ocr_line' id='line_1_13' title="bbox 312 2061 1231 2160; baseline 0.002 -25"><span class='ocrx_word' id='word_1_68' title='bbox 312 2066 448 2136; x_wconf 86' lang='lat' dir='ltr'><strong>LXIX.</strong></span> <span class='ocrx_word' id='word_1_69' title='bbox 475 2069 534 2136; x_wconf 84' lang='lat' dir='ltr'>Ar</span> <span class='ocrx_word' id='word_1_70' title='bbox 565 2062 676 2157; x_wconf 89' lang='lat' dir='ltr'>Julius</span> <span class='ocrx_word' id='word_1_71' title='bbox 705 2061 859 2160; x_wconf 87' lang='lat' dir='ltr'>Auspex,</span> <span class='ocrx_word' id='word_1_72' title='bbox 889 2090 908 2135; x_wconf 90' lang='lat' dir='ltr'>e</span> <span class='ocrx_word' id='word_1_73' title='bbox 933 2063 1134 2159; x_wconf 88' lang='lat' dir='ltr'>primoribus</span> <span class='ocrx_word' id='word_1_74' title='bbox 1159 2069 1231 2137; x_wconf 90' lang='lat' dir='ltr'>Re·</span> 
     </span>
     <span class='ocr_line' id='line_1_14' title="bbox 265 2181 1233 2278; baseline 0.002 -25"><span class='ocrx_word' id='word_1_75' title='bbox 265 2205 418 2269; x_wconf 90' lang='lat' dir='ltr'>morum,</span> <span class='ocrx_word' id='word_1_76' title='bbox 445 2182 561 2253; x_wconf 89' lang='lat' dir='ltr'>“vim</span> <span class='ocrx_word' id='word_1_77' title='bbox 587 2186 799 2269; x_wconf 85' lang='lat' dir='ltr'>Romanam,</span> <span class='ocrx_word' id='word_1_78' title='bbox 830 2181 989 2278; x_wconf 86' lang='lat' dir='ltr'>pacisque</span> <span class='ocrx_word' id='word_1_79' title='bbox 1012 2185 1135 2254; x_wconf 76' lang='lat' dir='ltr'>‘bona’&#39;</span> <span class='ocrx_word' id='word_1_80' title='bbox 1166 2182 1233 2255; x_wconf 79' lang='lat' dir='ltr'>dis-</span> 
     </span>
     <span class='ocr_line' id='line_1_15' title="bbox 263 2297 1231 2398; baseline 0.003 -28"><span class='ocrx_word' id='word_1_81' title='bbox 263 2298 401 2387; x_wconf 88' lang='lat' dir='ltr'>sertans,</span> <span class='ocrx_word' id='word_1_82' title='bbox 431 2303 464 2372; x_wconf 76' lang='grc' dir='ltr'>δι</span> <span class='ocrx_word' id='word_1_83' title='bbox 494 2307 521 2341; x_wconf 85' lang='grc'><strong>“</strong></span> <span class='ocrx_word' id='word_1_84' title='bbox 539 2297 625 2371; x_wconf 91' lang='lat' dir='ltr'>sumi</span> <span class='ocrx_word' id='word_1_85' title='bbox 641 2301 774 2372; x_wconf 92' lang='lat' dir='ltr'>bellum</span> <span class='ocrx_word' id='word_1_86' title='bbox 790 2300 892 2372; x_wconf 90' lang='lat' dir='ltr'>etiam</span> <span class='ocrx_word' id='word_1_87' title='bbox 917 2303 962 2373; x_wconf 91' lang='lat' dir='ltr'>ab</span> <span class='ocrx_word' id='word_1_88' title='bbox 986 2300 1130 2398; x_wconf 84' lang='lat' dir='ltr'>ignavis,</span> <span class='ocrx_word' id='word_1_89' title='bbox 1149 2301 1231 2373; x_wconf 89' lang='lat' dir='ltr'>stre-</span> 
     </span>
     <span class='ocr_line' id='line_1_16' title="bbox 266 2415 1232 2515; baseline 0.002 -26"><span class='ocrx_word' id='word_1_90' title='bbox 266 2422 292 2458; x_wconf 91' lang='lat'><strong>“</strong></span> <span class='ocrx_word' id='word_1_91' title='bbox 311 2418 455 2489; x_wconf 82' lang='lat' dir='ltr'>nuiffimi</span> <span class='ocrx_word' id='word_1_92' title='bbox 484 2415 645 2513; x_wconf 89' lang='lat' dir='ltr'>cujusque</span> <span class='ocrx_word' id='word_1_93' title='bbox 675 2417 829 2512; x_wconf 84' lang='lat' dir='ltr'>periculo</span> <span class='ocrx_word' id='word_1_94' title='bbox 857 2417 941 2515; x_wconf 86' lang='lat' dir='ltr'>geri,</span> <span class='ocrx_word' id='word_1_95' title='bbox 965 2415 1110 2515; x_wconf 86' lang='lat' dir='ltr'>jamque</span> <span class='ocrx_word' id='word_1_96' title='bbox 1133 2418 1232 2515; x_wconf 91' lang='lat' dir='ltr'>super</span> 
     </span>
     <span class='ocr_line' id='line_1_17' title="bbox 267 2534 1230 2632; baseline 0.001 -24"><span class='ocrx_word' id='word_1_97' title='bbox 267 2541 294 2577; x_wconf 91' lang='lat'><strong>“</strong></span> <span class='ocrx_word' id='word_1_98' title='bbox 313 2556 415 2630; x_wconf 88' lang='lat' dir='ltr'>caput</span> <span class='ocrx_word' id='word_1_99' title='bbox 432 2534 622 2631; x_wconf 86' lang='lat' dir='ltr'>legiones‚”</span> <span class='ocrx_word' id='word_1_100' title='bbox 647 2534 925 2630; x_wconf 80' lang='lat' dir='ltr'>sapientissimum</span> <span class='ocrx_word' id='word_1_101' title='bbox 941 2561 1120 2632; x_wconf 90' lang='lat' dir='ltr'>quemque</span> <span class='ocrx_word' id='word_1_102' title='bbox 1135 2564 1230 2609; x_wconf 84' lang='lat' dir='ltr'>reve-</span> 
     </span>
     <span class='ocr_line' id='line_1_18' title="bbox 265 2650 1229 2750; baseline 0.001 -26"><span class='ocrx_word' id='word_1_103' title='bbox 265 2653 371 2725; x_wconf 70' lang='lat' dir='ltr'>rentia</span> <span class='ocrx_word' id='word_1_104' title='bbox 400 2654 550 2747; x_wconf 84' lang='lat' dir='ltr'>fideque,</span> <span class='ocrx_word' id='word_1_105' title='bbox 572 2650 723 2747; x_wconf 88' lang='lat' dir='ltr'>juniores</span> <span class='ocrx_word' id='word_1_106' title='bbox 748 2653 901 2750; x_wconf 86' lang='lat' dir='ltr'>periculo</span> <span class='ocrx_word' id='word_1_107' title='bbox 928 2679 967 2726; x_wconf 90' lang='lat' dir='ltr'>ac</span> <span class='ocrx_word' id='word_1_108' title='bbox 995 2675 1090 2726; x_wconf 87' lang='lat' dir='ltr'>metu</span> <span class='ocrx_word' id='word_1_109' title='bbox 1116 2655 1229 2727; x_wconf 89' lang='lat' dir='ltr'>conti·</span> 
     </span>
     <span class='ocr_line' id='line_1_19' title="bbox 264 2769 1231 2859; baseline 0.003 -18"><span class='ocrx_word' id='word_1_110' title='bbox 264 2770 348 2842; x_wconf 90' lang='lat' dir='ltr'>nuit.</span> <span class='ocrx_word' id='word_1_111' title='bbox 400 2773 444 2840; x_wconf 90' lang='lat' dir='ltr'>Et</span> <span class='ocrx_word' id='word_1_112' title='bbox 468 2769 641 2841; x_wconf 92' lang='lat' dir='ltr'>Valentini</span> <span class='ocrx_word' id='word_1_113' title='bbox 657 2770 813 2842; x_wconf 88' lang='lat' dir='ltr'>animum</span> <span class='ocrx_word' id='word_1_114' title='bbox 836 2772 1032 2859; x_wconf 89' lang='lat' dir='ltr'>laudabant,</span> <span class='ocrx_word' id='word_1_115' title='bbox 1050 2774 1231 2845; x_wconf 79' lang='lat' dir='ltr'>confilium</span> 
     </span>
     <span class='ocr_line' id='line_1_20' title="bbox 264 2887 1230 2983; baseline 0.001 -23"><span class='ocrx_word' id='word_1_116' title='bbox 264 2887 422 2983; x_wconf 89' lang='lat' dir='ltr'>Auspicis</span> <span class='ocrx_word' id='word_1_117' title='bbox 450 2887 687 2982; x_wconf 87' lang='lat' dir='ltr'>sequebantur.</span> <span class='ocrx_word' id='word_1_118' title='bbox 737 2888 880 2959; x_wconf 85' lang='lat' dir='ltr'>Constat</span> <span class='ocrx_word' id='word_1_119' title='bbox 896 2888 1055 2962; x_wconf 82' lang='lat' dir='ltr'>obstitisse</span> <span class='ocrx_word' id='word_1_120' title='bbox 1071 2891 1230 2962; x_wconf 82' lang='lat' dir='ltr'>Treveris</span> 
     </span>
     <span class='ocr_line' id='line_1_21' title="bbox 263 3004 1231 3103; baseline 0.001 -26"><span class='ocrx_word' id='word_1_121' title='bbox 263 3004 551 3103; x_wconf 86' lang='lat' dir='ltr'>Lingonibusque</span> <span class='ocrx_word' id='word_1_122' title='bbox 569 3007 661 3101; x_wconf 93' lang='lat' dir='ltr'>apud</span> <span class='ocrx_word' id='word_1_123' title='bbox 679 3005 820 3093; x_wconf 90' lang='lat' dir='ltr'>Gallias,</span> <span class='ocrx_word' id='word_1_124' title='bbox 848 3005 957 3101; x_wconf 83' lang='lat' dir='ltr'>qubd,</span> <span class='ocrx_word' id='word_1_125' title='bbox 976 3006 1130 3080; x_wconf 90' lang='lat' dir='ltr'>Vindicis</span> <span class='ocrx_word' id='word_1_126' title='bbox 1153 3034 1231 3080; x_wconf 92' lang='lat' dir='ltr'>mo·</span> 
     </span>
     <span class='ocr_line' id='line_1_22' title="bbox 268 3123 1231 3223; baseline 0.004 -29"><span class='ocrx_word' id='word_1_127' title='bbox 268 3144 320 3212; x_wconf 87' lang='lat' dir='ltr'>tu,</span> <span class='ocrx_word' id='word_1_128' title='bbox 349 3150 431 3196; x_wconf 93' lang='lat' dir='ltr'>cum</span> <span class='ocrx_word' id='word_1_129' title='bbox 448 3124 615 3220; x_wconf 88' lang='lat' dir='ltr'>Verginio</span> <span class='ocrx_word' id='word_1_130' title='bbox 643 3123 811 3195; x_wconf 81' lang='lat' dir='ltr'>steterant.</span> <span class='ocrx_word' id='word_1_131' title='bbox 862 3124 1037 3196; x_wconf 87' lang='lat' dir='ltr'>Deterruit</span> <span class='ocrx_word' id='word_1_132' title='bbox 1054 3125 1231 3223; x_wconf 90' lang='lat' dir='ltr'>plerosque</span> 
     </span>
     <span class='ocr_line' id='line_1_23' title="bbox 264 3242 1227 3340; baseline 0.005 -28"><span class='ocrx_word' id='word_1_133' title='bbox 264 3242 518 3337; x_wconf 90' lang='lat' dir='ltr'>provinciarum</span> <span class='ocrx_word' id='word_1_134' title='bbox 548 3242 743 3314; x_wconf 76' lang='lat' dir='ltr'>aemulatio:</span> <span class='ocrx_word' id='word_1_135' title='bbox 781 3249 807 3284; x_wconf 90' lang='lat'><strong>“</strong></span> <span class='ocrx_word' id='word_1_136' title='bbox 838 3245 935 3340; x_wconf 91' lang='lat' dir='ltr'>quod</span> <span class='ocrx_word' id='word_1_137' title='bbox 973 3245 1064 3315; x_wconf 93' lang='lat' dir='ltr'>bello</span> <span class='ocrx_word' id='word_1_138' title='bbox 1095 3250 1227 3340; x_wconf 85' lang='lat' dir='ltr'>caput?</span> 
     </span>
     <span class='ocr_line' id='line_1_24' title="bbox 265 3358 1231 3457; baseline 0.006 -28"><span class='ocrx_word' id='word_1_139' title='bbox 265 3360 402 3431; x_wconf 90' lang='lat' dir='ltr'>“unde</span> <span class='ocrx_word' id='word_1_140' title='bbox 435 3358 492 3455; x_wconf 86' lang='lat' dir='ltr'>jus</span> <span class='ocrx_word' id='word_1_141' title='bbox 530 3358 788 3456; x_wconf 88' lang='lat' dir='ltr'>auspiciumque</span> <span class='ocrx_word' id='word_1_142' title='bbox 821 3365 1016 3456; x_wconf 86' lang='lat' dir='ltr'>peteretur?</span> <span class='ocrx_word' id='word_1_143' title='bbox 1055 3388 1173 3457; x_wconf 86' lang='lat' dir='ltr'>quam,</span> <span class='ocrx_word' id='word_1_144' title='bbox 1208 3368 1231 3435; x_wconf 88' lang='lat' dir='ltr'>sr</span> 
     </span>
     <span class='ocr_line' id='line_1_25' title="bbox 263 3478 1232 3576; baseline 0.005 -27"><span class='ocrx_word' id='word_1_145' title='bbox 263 3483 290 3518; x_wconf 91' lang='lat'>“</span> <span class='ocrx_word' id='word_1_146' title='bbox 309 3479 433 3550; x_wconf 69' lang='lat' dir='ltr'>cunda</span> <span class='ocrx_word' id='word_1_147' title='bbox 448 3478 689 3573; x_wconf 80' lang='lat' dir='ltr'>provenissent,</span> <span class='ocrx_word' id='word_1_148' title='bbox 724 3478 837 3552; x_wconf 88' lang='lat' dir='ltr'>sedem</span> <span class='ocrx_word' id='word_1_149' title='bbox 854 3479 997 3575; x_wconf 91' lang='lat' dir='ltr'>imperio</span> <span class='ocrx_word' id='word_1_150' title='bbox 1025 3482 1175 3576; x_wconf 84' lang='lat' dir='ltr'>legerent</span> <span class='ocrx_word' id='word_1_151' title='bbox 1192 3484 1232 3554; x_wconf 82' lang='lat'>?&#39;&#39;</span> 
     </span>
     <span class='ocr_line' id='line_1_26' title="bbox 263 3595 1228 3693; baseline 0.002 -27"><span class='ocrx_word' id='word_1_152' title='bbox 263 3597 435 3667; x_wconf 89' lang='lat' dir='ltr'>Nondum</span> <span class='ocrx_word' id='word_1_153' title='bbox 462 3596 618 3685; x_wconf 72' lang='lat' dir='ltr'>visloria‚</span> <span class='ocrx_word' id='word_1_154' title='bbox 642 3596 715 3693; x_wconf 89' lang='lat' dir='ltr'>jam</span> <span class='ocrx_word' id='word_1_155' title='bbox 741 3595 906 3669; x_wconf 90' lang='lat' dir='ltr'>discordia</span> <span class='ocrx_word' id='word_1_156' title='bbox 935 3617 1028 3669; x_wconf 87' lang='lat' dir='ltr'>erat:</span> <span class='ocrx_word' id='word_1_157' title='bbox 1059 3597 1132 3669; x_wconf 87' lang='lat' dir='ltr'>aliis</span> <span class='ocrx_word' id='word_1_158' title='bbox 1161 3599 1228 3670; x_wconf 86' lang='lat' dir='ltr'>soe-</span> 
     </span>
     <span class='ocr_line' id='line_1_27' title="bbox 260 3711 1230 3811; baseline 0.004 -28"><span class='ocrx_word' id='word_1_159' title='bbox 260 3713 355 3799; x_wconf 86' lang='lat' dir='ltr'>dera,</span> <span class='ocrx_word' id='word_1_160' title='bbox 384 3711 589 3807; x_wconf 91' lang='lat' dir='ltr'>quibusdam</span> <span class='ocrx_word' id='word_1_161' title='bbox 621 3740 703 3810; x_wconf 87' lang='lat' dir='ltr'>opes</span> <span class='ocrx_word' id='word_1_162' title='bbox 737 3714 906 3811; x_wconf 87' lang='lat' dir='ltr'>viresque,</span> <span class='ocrx_word' id='word_1_163' title='bbox 940 3736 999 3786; x_wconf 90' lang='lat' dir='ltr'>aut</span> <span class='ocrx_word' id='word_1_164' title='bbox 1031 3717 1230 3788; x_wconf 87' lang='lat' dir='ltr'>vetustatem</span> 
     </span>
     <span class='ocr_line' id='line_1_28' title="bbox 261 3830 1228 3929; baseline 0.008 -29"><span class='ocrx_word' id='word_1_165' title='bbox 261 3830 414 3926; x_wconf 73' lang='lat' dir='ltr'>originiS,</span> <span class='ocrx_word' id='word_1_166' title='bbox 452 3856 512 3925; x_wconf 92' lang='lat' dir='ltr'>per</span> <span class='ocrx_word' id='word_1_167' title='bbox 537 3830 652 3928; x_wconf 86' lang='lat' dir='ltr'>jurgia</span> <span class='ocrx_word' id='word_1_168' title='bbox 678 3831 896 3929; x_wconf 63' lang='lat' dir='ltr'>jadantibus.</span> <span class='ocrx_word' id='word_1_169' title='bbox 945 3834 1069 3904; x_wconf 84' lang='lat' dir='ltr'>Taedio</span> <span class='ocrx_word' id='word_1_170' title='bbox 1097 3834 1228 3907; x_wconf 84' lang='lat' dir='ltr'>futuro·</span> 
     </span>
     <span class='ocr_line' id='line_1_29' title="bbox 261 3946 1229 4045; baseline 0.009 -27"><span class='ocrx_word' id='word_1_171' title='bbox 261 3972 353 4036; x_wconf 89' lang='lat' dir='ltr'>rum,</span> <span class='ocrx_word' id='word_1_172' title='bbox 376 3946 552 4044; x_wconf 75' lang='lat' dir='ltr'>praesentia</span> <span class='ocrx_word' id='word_1_173' title='bbox 576 3951 744 4045; x_wconf 67' lang='lat' dir='ltr'>placudre.</span> <span class='ocrx_word' id='word_1_174' title='bbox 782 3951 982 4022; x_wconf 88' lang='lat' dir='ltr'>Scribuntur</span> <span class='ocrx_word' id='word_1_175' title='bbox 998 3953 1042 4023; x_wconf 86' lang='lat' dir='ltr'>ad</span> <span class='ocrx_word' id='word_1_176' title='bbox 1059 3954 1229 4026; x_wconf 89' lang='lat' dir='ltr'>Treveros</span> 
     </span>
    </p>
   </div>
   <div class='ocr_carea' id='block_1_3' title="bbox 0 0 1504 5144">
    <p class='ocr_par' dir='ltr' id='par_1_4' title="bbox 0 0 1504 5144">
     <span class='ocr_line' id='line_1_30' title="bbox 0 0 1504 5144; baseline 0 0"><span class='ocrx_word' id='word_1_177' title='bbox 0 0 1504 5144; x_wconf 95' lang='lat' dir='ltr'> </span> 
     </span>
    </p>
   </div>
  </div>
 </body>
</html>
