3000 5144
320 559 387 635 116
520 557 562 632 C.
602 558 866 630 Constanti
909 555 1110 630 Tacta-r

318 735 347 776 “
365 731 513 805 militum
533 731 627 827 quod
649 750 739 802 trans
754 731 889 802 Padum
904 728 1030 802 suetitz
1058 727 1175 802 venire
1191 731 1287 802 Moe-

318 856 347 892 “
372 853 451 922 sacas
475 848 650 945 legiones:
680 873 843 944 magnam
872 847 1041 921 exercitus
1070 867 1200 944 partem
1224 849 1287 920 Be-

319 973 347 1009 “
374 966 478 1039 briaci
504 967 717 1039 remanfilse:
752 967 815 1037 hos
849 965 938 1037 cette
967 966 1125 1038 nondum
1154 963 1289 1050 vicios3

319 1092 348 1128 “
367 1090 415 1172 δι,
435 1083 513 1155 stira
529 1083 645 1172 ferret,
664 1083 835 1156 honestius
852 1082 888 1154 in
903 1084 977 1156 acie
994 1082 1194 1179 perituros.''
1226 1084 1295 1156 His

318 1202 583 1300 cogitationibus
600 1223 711 1275 truces
734 1221 794 1273 aut
806 1200 937 1296 pavidi,
962 1203 1117 1274 extremi
1133 1199 1289 1296 despera·

319 1319 413 1392 tione
430 1323 475 1392 ad
492 1321 578 1393 iram
593 1318 728 1416 saepius,
748 1319 856 1416 quam
868 1318 904 1390 in
917 1317 1150 1408 formidinem,
1168 1319 1290 1393 stimu-

320 1439 488 1511 labantur.
863 1422 866 1426 Δ

367 1559 484 1630 XLV.
519 1562 579 1630 As
611 1555 814 1628 Vitellianus
839 1554 1020 1645 exercitus,
1050 1556 1095 1628 ad
1124 1555 1287 1653 quintum

319 1674 517 1747 aBebriaco
539 1675 690 1771 lapidem
717 1673 884 1762 consedit,
921 1699 994 1746 nort
1025 1676 1110 1746 ausrs
1141 1675 1292 1749 ducibus

321 1794 442 1866 eadem
469 1792 527 1864 die
554 1793 853 1890 oppugnationem
874 1792 1088 1866 castrorum:
1116 1794 1213 1865 fimul
1229 1820 1291 1866 vo·

321 1909 469 1983 luntaria
484 1910 616 1983 deditio
631 1910 833 2007 sperabatur.
881 1911 949 1984 Sed
965 1910 1147 2008 expeditis,
1166 1916 1199 1983 δι
1216 1932 1293 1985 tan·

320 2029 396 2102 tum
413 2030 457 2100 ad
474 2031 638 2125 proelium
649 2031 795 2127 egressis,
813 2029 1069 2103 munimentum
1085 2026 1180 2104 sudre
1197 2055 1291 2104 amm

322 2149 356 2218 δι
374 2145 527 2218 νίἃοτία.
576 2147 713 2220 Postera
729 2147 799 2236 die,
829 2149 923 2221 haud
947 2147 1115 2245 ambigufi
1139 2149 1290 2221 Othoni·

319 2264 377 2337 ani
408 2263 577 2336 exercitiis
597 2267 786 2354 voluntate,
812 2265 931 2363 &qui
956 2264 1135 2339 ferociores
1159 2264 1292 2339 fuerant
1376 2281 1379 2288 '

320 2383 365 2455 ad
393 2381 626 2479 penitentiam
653 2381 908 2472 inclinantibus,
938 2382 1035 2457 missa
1058 2383 1198 2482 legatio,
1226 2410 1292 2458 nec

319 2499 413 2596 apud
437 2501 541 2571 duces
558 2500 760 2572 Vitellianos
780 2501 993 2590 dubitatum,
1020 2502 1206 2598 quominus
1229 2529 1291 2600 pa·

320 2645 399 2692 cem
426 2621 666 2692 concederent.
714 2620 839 2717 Legati
867 2620 1047 2717 paullisper
1073 2619 1220 2693 retenti:
1250 2646 1292 2694 ea

319 2764 373 2812 res
397 2736 645 2810 haesitationem
669 2737 796 2826 attulit,
822 2737 950 2836 ignaris
974 2740 1088 2812 adhuc
1111 2764 1155 2812 an
1177 2738 1290 2834 impe·

318 2858 464 2930 trallent.
514 2858 607 2929 Mox
632 2854 764 2928 remissit
794 2855 978 2954 legatione,
1009 2856 1120 2954 patuit
1146 2858 1289 2930 vallum.

318 2979 417 3050 Tum
440 2973 522 3047 vicii
542 2973 753 3071 visloresque
778 2975 813 3045 in
842 2974 997 3048 lacrimas
1027 2977 1136 3066 effufi,
1165 2976 1290 3050 sortem

318 3094 474 3169 civilium
491 3117 666 3164 armorum
696 3090 814 3165 miseri
839 3092 953 3165 latitia
967 3093 1181 3166 detestantes.
1231 3094 1290 3166 Iis·

318 3215 400 3286 dem
415 3210 581 3298 tentoriis,
599 3210 654 3282 alii
673 3208 830 3299 fratrum,
847 3210 903 3282 alii
921 3212 1195 3307 propinquorum
1212 3214 1289 3285 vul-

316 3356 397 3404 nera
413 3329 587 3402 fovebant.
637 3330 720 3423 Spes
739 3332 772 3399 δι
790 3329 932 3424 praemia
944 3328 979 3400 in
995 3328 1187 3427 ambiguo;
1214 3355 1287 3403 cer·

315 3470 351 3523 ta
366 3449 532 3521 funera&
551 3449 674 3519 rursus.
721 3448 798 3519 Nec
817 3445 998 3544 quisquam
1015 3449 1101 3520 adei>
1127 3450 1209 3521 mali
1224 3475 1284 3522 ex·

318 3593 407 3665 pers,
436 3587 475 3636 ut
492 3591 561 3636 non
578 3563 730 3660 aliquam
756 3584 906 3637 mortem
934 3585 1099 3639 maereret.
1151 3567 1284 3664 Requi·

319 3691 419 3760 situm
447 3682 608 3778 Orphidii
631 3681 736 3778 legati
762 3708 900 3778 corpus,
932 3685 1063 3757 honore
1090 3683 1187 3758 solito
1215 3712 1287 3759 cte·

320 3823 445 3876 matur.
494 3803 625 3873 Paucos
644 3799 815 3873 necessarii
833 3799 982 3897 ipsorum
999 3800 1205 3898 sepelivdre:
1233 3830 1288 3879 ce-

318 3942 430 3994 ternm
448 3919 587 4015 vulgus,
613 3916 714 4016 super
729 3920 875 3993 humum
901 3919 1073 3997 relietum.
