3000 5144
378 534 780 608 Hrsronrnnrrnr
809 531 994 608 erall.
1140 556 1185 633 97

205 705 327 779 relistis
343 705 633 801 exploratoribus,
652 727 784 778 ceteros
801 705 1010 778 Placentiam
1033 707 1183 796 reduxit,

205 824 320 897 minus
347 824 519 914 turbidos,
547 830 579 897 br
606 824 754 920 imperia
774 824 994 920 accipientes.
1043 827 1185 899 Solidati

204 943 309 1032 muri,
340 946 602 1041 propugnacula
626 943 756 1032 addita,
775 946 882 1015 auslae
901 964 1021 1033 turres,
1051 944 1185 1041 provisa

204 1083 389 1160 parataque
407 1088 476 1136 non
502 1088 595 1135 arma
616 1061 738 1150 modo,
765 1061 820 1133 sed
839 1059 1043 1157 obsequium
1068 1068 1100 1137 δι
1120 1089 1181 1159 pa-

204 1183 302 1255 rendi
319 1208 431 1270 amor,
450 1183 546 1280 quod
566 1182 676 1254 solum
694 1180 761 1253 illis
778 1181 933 1278 partibus
955 1180 1078 1272 defuit,
1102 1183 1185 1255 cbm

204 1300 338 1374 virtutis
353 1303 446 1373 haud
466 1300 655 1397 paeniteret.

253 1421 337 1493 XX.
364 1423 423 1492 Ar
441 1418 592 1507 Caecina,
619 1419 715 1492 velut
733 1418 847 1491 relisffi
871 1420 948 1515 post
962 1421 1069 1515 Alpes
1085 1418 1182 1492 saevi·

203 1538 250 1610 tia
267 1560 305 1610 ac
319 1537 466 1625 licential,
485 1537 642 1611 modesto
659 1539 800 1634 agmine
817 1564 878 1634 per
894 1538 1027 1610 ltaliam
1041 1538 1182 1611 incessit.

206 1661 380 1730 Ornatum
413 1656 529 1753 ipsius,
565 1656 755 1753 municipia
781 1661 814 1729 δι
836 1655 980 1730 coloniae
1002 1655 1039 1727 in
1068 1655 1185 1752 super·

203 1777 299 1850 biam
316 1778 521 1849 trahebant:
548 1775 863 1872 qubduerficolore
875 1774 1008 1872 sagulo,
1026 1778 1180 1865 braccas,

202 1914 343 1992 tegmen
361 1897 564 1984 barbarum,
592 1894 747 1981 indutus,
770 1912 907 1990 togatos
926 1892 1180 1988 adloqueretur.

202 2016 363 2087 Uxorem
386 2039 528 2110 quoque
555 2011 639 2110 ejus,
664 2011 874 2100 Saloninam,
901 2037 1114 2109 quamquam
1143 2013 1179 2085 in

200 2132 328 2206 nullius
345 2130 518 2229 injuriam,
536 2131 676 2228 infignis
694 2155 785 2227 equo
801 2132 963 2227 ostroque
979 2133 1175 2222 veheretur,

199 2271 382 2350 tamquam
399 2253 464 2324 laefi
481 2252 722 2349 gravabantur.
772 2252 872 2322 lnsrtb
897 2249 1098 2323 mortalibus
1115 2277 1176 2324 na-

199 2374 289 2460 turl,
327 2391 500 2444 recentem
527 2369 675 2442 aliorum
708 2365 907 2441 felicitatem
936 2369 1036 2466 aegris
1069 2371 1178 2444 oculis

199 2489 435 2587 introspicere,
473 2490 691 2584 modumque
718 2485 862 2559 fortunae
892 2511 912 2558 a
940 2488 1042 2560 nullis
1067 2489 1178 2587 magis

199 2608 352 2707 exigere,
378 2609 485 2704 quam
502 2633 591 2705 quos
607 2608 643 2679 in
660 2632 761 2703 aequo
774 2606 902 2679 videre.
936 2607 1090 2700 Caecina‚
1109 2613 1175 2682 Pa-

198 2729 286 2801 dum
311 2726 545 2824 transgressus,
572 2728 700 2798 tentatal
721 2725 1000 2799 Othonianorum
1019 2729 1088 2799 fide
1115 2751 1177 2824 per

197 2847 472 2944 conloquium&
492 2846 664 2943 promiffa,
691 2844 809 2917 iisdem
829 2845 968 2940 petitus,
993 2846 1176 2942 postquam

199 2992 269 3063 pax
280 2966 321 3039 ’δι
340 2966 526 3039 concordia
543 2964 698 3060 speciosis
728 2970 759 3037 δι
779 2964 876 3036 irritis
891 2962 1090 3037 nominibus
1103 2963 1173 3059 jac·

198 3105 268 3158 tata
283 3083 372 3174 sunt,
398 3084 536 3157 confilia
552 3081 716 3180 curasque
733 3083 768 3155 in
784 3083 1082 3182 oppugnationem
1096 3084 1175 3155 Pla-

197 3203 317 3277 centiae
347 3230 477 3301 magno
505 3223 634 3275 terrore
667 3203 793 3276 vertit:
828 3229 969 3301 gnarus,
1008 3222 1046 3274 ut
1078 3201 1174 3276 initia

197 3320 279 3395 belli
297 3322 547 3419 provenissent,
574 3321 704 3394 samam
722 3322 758 3392 in
775 3342 883 3394 cetera
899 3320 984 3392 sore.

225 3444 348 3515 ‚XXL
373 3444 448 3516 Snu
474 3442 605 3538 primus
632 3443 718 3529 dies,
755 3440 884 3537 impetu
912 3439 1036 3537 magis,
1066 3441 1173 3536 quim

194 3559 346 3632 veterani
378 3560 547 3633 exercitiis
581 3560 723 3649 artibus,
749 3558 956 3631 transactus:
989 3559 1097 3654 aperti
1119 3559 1172 3631 in-

194 3678 356 3776 cautique
384 3704 503 3751 muros
520 3678 664 3767 subiere,
689 3678 769 3751 cibo
786 3677 939 3775 vinoque
968 3704 1170 3776 praegraves.

195 3798 236 3868 ln
251 3821 293 3870 eo
306 3798 505 3887 certamine,
525 3797 796 3895 pulcherrimum
809 3797 1050 3894 amphitheatri
1067 3823 1170 3894 opus,

196 3917 297 3989 srtum
314 3937 411 3992 extra
427 3942 560 4009 muros,
591 3915 844 4014 conflagravit:
872 3921 940 3991 five
961 3917 1006 3990 ab
1031 3941 1170 4015 oppug-

673 4037 714 4108 H
