3000 5144
265 597 330 669 ¹52
452 572 496 646 C.
537 570 802 647 Conuenit
845 574 1045 650 Tncrrt

261 749 389 819 lentem
417 746 675 823 adsedabatur:
704 751 799 823 unde
816 750 971 848 primurn
987 749 1137 825 creditur
1158 750 1237 825 Cae·

261 865 347 939 cinae
367 866 452 938 fides
468 867 623 943 fluitaffe.

310 986 438 1059 XCIV.
464 986 659 1061 Curnuunr
686 1014 757 1060 non
785 989 832 1065 ita
848 987 996 1063 ducibus
1020 988 1158 1062 indulsit
1176 988 1238 1061 Vi-

261 1104 389 1193 tellius,
416 1125 454 1177 ut
482 1130 552 1176 non
586 1107 663 1201 plus
691 1106 790 1179 militi
825 1106 964 1181 liceret:
1003 1107 1064 1181 fibi
1095 1107 1240 1205 quisque

263 1221 422 1297 militiam
446 1222 645 1320 sumpsere:
677 1225 835 1322 quamvis
852 1225 1028 1321 indignus,
1055 1230 1078 1299 sr
1100 1227 1146 1300 ita
1161 1252 1236 1300 ma·

263 1344 386 1434 luerat,
412 1346 566 1417 Urbanae
585 1343 715 1417 militiae
731 1344 1008 1418 adscribebatur:
1038 1341 1151 1417 rursus
1174 1348 1238 1419 bo-

162 1476 165 1483 ’
261 1463 330 1552 nis,
358 1488 532 1537 remanere
549 1461 635 1536 inter
659 1463 880 1561 legionarios,
904 1483 964 1536 aut
986 1464 1094 1537 alares
1119 1465 1239 1538 volen-

261 1581 368 1670 tibus,
396 1580 624 1677 permiffum:
652 1608 716 1655 nec
740 1584 882 1656 deerant
908 1582 970 1678 qui
998 1583 1140 1670 vellent,
1168 1581 1240 1655 feffi

260 1702 405 1790 morbis,
431 1705 464 1773 δε
486 1700 726 1797 intemperiem
743 1701 817 1774 caeli
840 1699 1043 1776 incusantes.
1092 1703 1239 1777 Robora

261 1842 378 1894 tamen
411 1819 607 1918 legionibus
638 1818 766 1917 alisque
799 1818 997 1893 subtracta:
1035 1818 1240 1894 convulsum

262 1940 450 2015 castrorum
478 1941 597 2029 decus,
628 1938 757 2037 viginti
779 1939 931 2012 millibus
954 1963 973 2012 e
996 1959 1070 2013 toto
1085 1939 1240 2013 exercitu

261 2058 443 2156 permixtis
459 2059 585 2156 magis,
615 2061 721 2157 quim
738 2057 867 2132 cledis.
917 2059 1157 2133 Contionante
1175 2059 1238 2132 Vi·

263 2178 373 2265 tellio,
404 2178 620 2274 postulantur
649 2180 740 2251 “ad
762 2177 969 2275 supplicium
993 2179 1176 2268 Asiaticus,
1204 2182 1238 2253 δι

262 2303 292 2339 “
311 2296 464 2384 Flavius,
504 2301 537 2369 δι
567 2299 732 2387 Rufinus,
763 2299 869 2371 duces
897 2298 1104 2386 Galliarum,
1136 2297 1237 2395 qubd

263 2422 373 2512 “pro
403 2414 549 2487 Vindice
576 2417 787 2489 bellaffent.''
834 2419 912 2490 Nec
942 2420 1126 2490 coercebat
1152 2414 1238 2513 ejus·

260 2535 359 2608 modi
376 2559 479 2607 voces
507 2533 691 2621 Vitellius;
720 2535 820 2631 super
843 2535 975 2608 insitam
1002 2535 1121 2609 animo
1136 2536 1238 2634 igna-

260 2654 368 2744 uiam,
394 2652 549 2728 conscius
579 2654 639 2728 fibi
669 2653 790 2727 instare
814 2653 1035 2742 donativum,
1066 2656 1238 2730 &decise

261 2773 461 2871 pecuniam,
487 2773 606 2847 omnia
631 2773 696 2846 alia
713 2772 815 2845 militi
833 2773 1051 2871 largiebatur.
1100 2775 1237 2848 Liberti

259 2893 473 2990 Principum,
495 2901 521 2935 “
537 2893 693 2967 conferre
707 2919 772 2989 pro
785 2919 930 2966 numero
943 2893 1237 2992 mancipiorum‚''

261 3034 299 3087 ut
317 3014 501 3100 tributum,
523 3010 613 3109 jussi.
663 3011 751 3107 Ipse,
778 3011 845 3084 sola
864 3014 1029 3108 perdendi
1048 3016 1141 3104 curb,
1171 3014 1236 3087 sta·

185 3123 189 3130 ’
260 3135 343 3206 bula
358 3133 484 3229 aurigis
507 3132 702 3205 exstruere:
738 3129 870 3203 circum
897 3133 1127 3229 gladiatorum
1150 3131 1236 3206 fera·

258 3277 406 3350 rumque
432 3249 627 3347 spellaculis
656 3251 822 3346 opplere:
849 3270 1029 3348 tamquam
1050 3252 1086 3323 in
1102 3251 1237 3326 surnrnd

260 3371 487 3459 abundantia,
516 3369 671 3466 pecuniae
693 3369 858 3442 inludere.

308 3491 421 3563 XCV.
447 3494 556 3586 Qun
587 3489 786 3561 &natalem
804 3488 934 3561 Vitellii
960 3488 1069 3577 diem,
1095 3490 1235 3564 Caecina

146 3633 150 3641 ’
260 3635 299 3684 ac
317 3610 456 3696 Valens,
485 3607 583 3680 editis
600 3610 670 3679 tota
693 3610 795 3680 Urbe
811 3607 952 3681 vicatim
972 3608 1234 3705 gladiatoribus,

260 3730 490 3815 celebratum,
517 3725 647 3823 ingenti
678 3747 812 3822 paratu,
849 3732 882 3800 ὃ(
909 3747 988 3800 ante
1014 3727 1115 3800 illum
1140 3727 1236 3801 diem

259 3845 405 3919 insolito.
454 3848 596 3918 Laetum
625 3843 811 3918 foediffimo
838 3845 978 3942 cuique,
1008 3849 1101 3943 apud
1125 3850 1236 3920 bonos

258 3963 398 4038 invidiae
416 3962 505 4059 luit,
541 3963 653 4061 quod,
687 3964 864 4040 exstrueris
891 3963 928 4038 in
954 3990 1080 4064 campo
1103 3964 1234 4041 Martio
