3000 5144
350 606 395 681 50
551 581 593 656 C.
633 579 896 653 Connsarr
939 576 1141 651 Tncrrr

346 751 384 823 in
410 775 488 823 eum
517 750 692 823 iracundia
707 749 889 838 exercitiis,
907 767 1086 846 tamquam
1108 747 1251 836 crimen,
1274 768 1314 820 ac

350 895 436 942 mox
464 869 611 957 insidias,
635 869 783 942 Fonteio
796 867 957 966 Capitoni
976 866 1158 941 struxisset.
1208 867 1317 939 Grata

349 1008 421 1059 erat
439 987 606 1059 memoria
623 987 824 1082 Capitonis:
851 990 884 1058 dc
913 987 1006 1082 apud
1023 984 1200 1057 saevientes
1222 983 1314 1057 occi·

350 1106 430 1177 dere
459 1106 585 1201 palam,
611 1104 784 1202 ignoscere
809 1130 879 1176 non
916 1103 975 1176 nisi
1002 1099 1153 1175 sallendo
1182 1102 1316 1176 licebat.

353 1225 406 1296 Ita
434 1224 589 1296 custodid
617 1223 774 1296 habitus:
802 1227 835 1295 ὅτ
860 1220 937 1317 poll
960 1219 1140 1296 vidoriam
1156 1221 1316 1311 demum,

318 1436 320 1441 ι
352 1341 460 1413 stratis
482 1340 557 1438 jam
579 1341 729 1412 militum
757 1340 858 1429 odiis,
881 1338 1035 1410 dimissus
1051 1338 1111 1410 est.
1160 1338 1317 1427 Interim,

352 1479 393 1530 ut
411 1458 600 1555 piaculum,
626 1457 785 1555 objicitur
813 1456 966 1530 centurio
989 1454 1176 1553 Crispinus,
1206 1455 1320 1554 quise

352 1578 516 1674 sanguine
537 1577 714 1672 Capitonis
738 1594 996 1649 cruentaverat:
1023 1599 1133 1671 eoque
1150 1579 1183 1647 δι
1206 1575 1319 1672 pollu-

354 1696 503 1768 lantibus
525 1693 743 1784 manifestior,
768 1699 801 1767 dc
828 1694 980 1790 punienti
1002 1694 1104 1766 vilior
1123 1692 1200 1767 suit.

402 1815 669 1906 LlX.Jun1vs
697 1812 824 1884 deinde
850 1810 970 1884 Civilis
992 1811 1146 1908 periculo
1174 1837 1318 1910 exemp·

354 1950 422 2021 tus,
447 1951 640 2027 praepotens
664 1931 750 2003 inter
772 1935 930 2019 Batavos,
963 1956 1006 2003 ne
1038 1930 1206 2027 supplicio
1248 1929 1322 2028 ejus

355 2048 452 2122 ferox
471 2075 554 2145 gens
571 2050 780 2123 alienaretur.
832 2052 877 2122 Et
898 2071 993 2122 etant
1014 2050 1050 2121 in
1073 2049 1211 2123 civitate
1232 2049 1321 2122 Lin-

358 2192 490 2263 gonum
515 2169 593 2238 ono
622 2171 831 2266 Batavorum
858 2167 1325 2264 cohortes,·quartaedecimae

357 2284 503 2380 legionis
531 2284 670 2375 auxilia,
700 2305 777 2358 tum
799 2285 966 2359 discordid
996 2307 1193 2382 temporum
1223 2311 1243 2356 a
1275 2285 1325 2357 le·

359 2404 463 2500 gione
490 2402 666 2499 digressae:
694 2425 797 2500 prout
824 2404 1050 2493 inclinassent,
1087 2406 1218 2500 grande
1247 2431 1324 2477 mo·

356 2542 528 2609 mentum,
553 2521 650 2594 sociae
666 2542 725 2593 aut
741 2522 897 2594 adversae.
931 2522 1103 2611 Nonium,
1117 2522 1324 2611 Donatium,

359 2637 569 2727 Romilium,
598 2641 840 2735 Calpurnium,
878 2640 1105 2727 centuriones,
1132 2642 1326 2739 dequibus

359 2757 459 2852 supr*a
487 2756 678 2847 retulimus,
701 2758 814 2831 occidi
831 2758 937 2856 jussit,
959 2759 1139 2830 damnatos
1156 2761 1235 2832 fidei
1259 2761 1324 2833 cri-

360 2877 468 2964 mine,
498 2875 691 2972 gravissimo
730 2876 816 2948 inter
852 2876 1082 2951 desciscentes.
1141 2878 1328 2950 Accessdre·

362 2992 517 3091 partibus
553 2995 707 3067 Valerius
742 2995 922 3084 Asiaticus,
957 2995 1104 3093 Belgicae
1139 2996 1326 3092 provinciae

362 3117 508 3210 legatus,
544 3137 647 3207 quem
677 3138 762 3185 mox
785 3113 946 3185 Vitellius
970 3140 1136 3212 generum
1160 3114 1326 3188 adscivit:

361 3237 396 3305 δι
413 3232 537 3326 Junius
552 3230 688 3319 Blaesus,
703 3233 944 3327 Lugdunensis
961 3233 1084 3305 Galliae
1102 3235 1224 3322 testor,
1244 3259 1326 3311 cum

295 3373 297 3378 ’
360 3353 480 3426 Italica
503 3351 654 3447 legione,
679 3354 711 3421 δι
736 3351 788 3422 ald
808 3351 971 3439 Taurini,
990 3351 1160 3447 Lugduni
1181 3353 1327 3424 tenden-

361 3471 463 3543 tibus.
512 3472 590 3541 Nec
624 3468 659 3538 in
695 3467 836 3540 Raeticis
868 3468 977 3564 copiis
1006 3495 1116 3559 mora,
1142 3470 1330 3566 quominus

362 3589 478 3661 statim
512 3584 787 3682 adjungerentur.
835 3588 893 3658 Ne
924 3586 960 3658 in
983 3587 1154 3662 Britannis:
1182 3587 1328 3685 quidem

364 3706 572 3778 dubitatum.

414 3824 496 3893 LX.
521 3823 721 3893 PnAEnnnr
745 3821 936 3894 Trebellius
951 3823 1145 3914 Maximus,
1170 3851 1231 3922 per
1246 3851 1327 3898 ava·

364 3937 475 4012 titiam
501 3942 533 4011 ἃ
560 3936 672 4011 sordes
695 3957 913 4037 contemptus
938 3942 1101 4017 exercitui
1125 3944 1331 4044 invisusque.
