<?xml version="1.0" encoding="UTF-8"?>
<!DOCTYPE html PUBLIC "-//W3C//DTD XHTML 1.0 Transitional//EN"
    "http://www.w3.org/TR/xhtml1/DTD/xhtml1-transitional.dtd">
<html xmlns="http://www.w3.org/1999/xhtml" xml:lang="en" lang="en">
 <head>
  <title>
</title>
<meta http-equiv="Content-Type" content="text/html;charset=utf-8" />
  <meta name='ocr-system' content='tesseract 3.04.00' />
  <meta name='ocr-capabilities' content='ocr_page ocr_carea ocr_par ocr_line ocrx_word'/>
</head>
<body>
  <div class='ocr_page' id='page_1' title='image "./ccorneliitaciti02ernegoog_0050.png"; bbox 0 0 3000 5144; ppageno 0'>
   <div class='ocr_carea' id='block_1_1' title="bbox 352 550 1142 642">
    <p class='ocr_par' dir='ltr' id='par_1_1' title="bbox 352 550 1142 642">
     <span class='ocr_line' id='line_1_1' title="bbox 352 550 1142 642; baseline -0.003 -19"><span class='ocrx_word' id='word_1_1' title='bbox 352 551 754 623; x_wconf 75' lang='lat' dir='ltr'>Hrsroarannu</span> <span class='ocrx_word' id='word_1_2' title='bbox 788 552 900 622; x_wconf 84' lang='lat' dir='ltr'>Lra.</span> <span class='ocrx_word' id='word_1_3' title='bbox 924 550 953 621; x_wconf 92' lang='grc' dir='ltr'>Ι.</span> <span class='ocrx_word' id='word_1_4' title='bbox 1099 573 1142 642; x_wconf 88' lang='lat'>41</span> 
     </span>
    </p>
   </div>
   <div class='ocr_carea' id='block_1_2' title="bbox 166 718 1167 4016">
    <p class='ocr_par' dir='ltr' id='par_1_2' title="bbox 166 718 1167 4016">
     <span class='ocr_line' id='line_1_2' title="bbox 166 718 1142 819; baseline -0.004 -24"><span class='ocrx_word' id='word_1_5' title='bbox 166 741 248 795; x_wconf 73' lang='lat' dir='ltr'>¹tur.</span> <span class='ocrx_word' id='word_1_6' title='bbox 297 720 407 818; x_wconf 85' lang='lat' dir='ltr'>Igitur</span> <span class='ocrx_word' id='word_1_7' title='bbox 433 720 525 819; x_wconf 85' lang='lat' dir='ltr'>jussu</span> <span class='ocrx_word' id='word_1_8' title='bbox 557 721 598 793; x_wconf 92' lang='lat' dir='ltr'>C.</span> <span class='ocrx_word' id='word_1_9' title='bbox 632 721 769 794; x_wconf 87' lang='lat' dir='ltr'>Caesaris</span> <span class='ocrx_word' id='word_1_10' title='bbox 801 740 960 793; x_wconf 90' lang='lat' dir='ltr'>oneratus</span> <span class='ocrx_word' id='word_1_11' title='bbox 990 718 1142 791; x_wconf 86' lang='lat' dir='ltr'>catenis:</span> 
     </span>
     <span class='ocr_line' id='line_1_3' title="bbox 183 837 1148 934; baseline -0.002 -24"><span class='ocrx_word' id='word_1_12' title='bbox 183 864 282 927; x_wconf 86' lang='lat' dir='ltr'>mox,</span> <span class='ocrx_word' id='word_1_13' title='bbox 314 838 503 912; x_wconf 82' lang='lat' dir='ltr'>mutatione</span> <span class='ocrx_word' id='word_1_14' title='bbox 530 859 742 934; x_wconf 91' lang='lat' dir='ltr'>temporum,</span> <span class='ocrx_word' id='word_1_15' title='bbox 770 840 936 927; x_wconf 75' lang='lat' dir='ltr'>dimissus,</span> <span class='ocrx_word' id='word_1_16' title='bbox 962 837 1058 911; x_wconf 91' lang='lat' dir='ltr'>cursu</span> <span class='ocrx_word' id='word_1_17' title='bbox 1086 840 1148 909; x_wconf 54' lang='lat' dir='ltr'>ho,</span> 
     </span>
     <span class='ocr_line' id='line_1_4' title="bbox 182 956 1148 1055; baseline 0.001 -27"><span class='ocrx_word' id='word_1_18' title='bbox 182 983 305 1029; x_wconf 92' lang='lat' dir='ltr'>norum</span> <span class='ocrx_word' id='word_1_19' title='bbox 329 956 506 1045; x_wconf 89' lang='lat' dir='ltr'>inoffenso,</span> <span class='ocrx_word' id='word_1_20' title='bbox 535 957 662 1055; x_wconf 82' lang='lat' dir='ltr'>legioni</span> <span class='ocrx_word' id='word_1_21' title='bbox 692 958 767 1053; x_wconf 90' lang='lat' dir='ltr'>post</span> <span class='ocrx_word' id='word_1_22' title='bbox 786 978 969 1054; x_wconf 85' lang='lat' dir='ltr'>praeturam</span> <span class='ocrx_word' id='word_1_23' title='bbox 987 960 1148 1052; x_wconf 83' lang='lat' dir='ltr'>praeposr-</span> 
     </span>
     <span class='ocr_line' id='line_1_5' title="bbox 176 1074 1149 1172; baseline 0.005 -31"><span class='ocrx_word' id='word_1_24' title='bbox 176 1094 250 1164; x_wconf 85' lang='lat' dir='ltr'>tus,</span> <span class='ocrx_word' id='word_1_25' title='bbox 269 1074 511 1172; x_wconf 89' lang='lat' dir='ltr'>probatusque,</span> <span class='ocrx_word' id='word_1_26' title='bbox 539 1076 646 1148; x_wconf 91' lang='lat' dir='ltr'>servili</span> <span class='ocrx_word' id='word_1_27' title='bbox 662 1076 825 1171; x_wconf 87' lang='lat' dir='ltr'><strong>deinceps</strong></span> <span class='ocrx_word' id='word_1_28' title='bbox 843 1078 970 1171; x_wconf 92' lang='lat' dir='ltr'>probro</span> <span class='ocrx_word' id='word_1_29' title='bbox 987 1074 1149 1170; x_wconf 88' lang='lat' dir='ltr'>respersus</span> 
     </span>
     <span class='ocr_line' id='line_1_6' title="bbox 183 1192 1167 1292; baseline 0.004 -26"><span class='ocrx_word' id='word_1_30' title='bbox 183 1194 243 1282; x_wconf 91' lang='lat' dir='ltr'>est,</span> <span class='ocrx_word' id='word_1_31' title='bbox 261 1215 438 1292; x_wconf 83' lang='lat' dir='ltr'>tamquam</span> <span class='ocrx_word' id='word_1_32' title='bbox 455 1194 621 1290; x_wconf 76' lang='lat' dir='ltr'><strong>scyphum</strong></span> <span class='ocrx_word' id='word_1_33' title='bbox 638 1220 782 1266; x_wconf 90' lang='lat' dir='ltr'>aureum</span> <span class='ocrx_word' id='word_1_34' title='bbox 808 1194 843 1264; x_wconf 92' lang='lat' dir='ltr'>in</span> <span class='ocrx_word' id='word_1_35' title='bbox 861 1192 1023 1265; x_wconf 88' lang='lat' dir='ltr'>convivio</span> <span class='ocrx_word' id='word_1_36' title='bbox 1044 1195 1167 1271; x_wconf 89' lang='lat' dir='ltr'>Clau·-.</span> 
     </span>
     <span class='ocr_line' id='line_1_7' title="bbox 182 1309 1150 1407; baseline 0.001 -24"><span class='ocrx_word' id='word_1_37' title='bbox 182 1312 233 1384; x_wconf 91' lang='lat' dir='ltr'>dii</span> <span class='ocrx_word' id='word_1_38' title='bbox 249 1311 402 1396; x_wconf 82' lang='lat' dir='ltr'>furatus3</span> <span class='ocrx_word' id='word_1_39' title='bbox 436 1313 648 1385; x_wconf 88' lang='lat' dir='ltr'>&amp;Claudius</span> <span class='ocrx_word' id='word_1_40' title='bbox 669 1312 798 1407; x_wconf 67' lang='lat' dir='ltr'>postera</span> <span class='ocrx_word' id='word_1_41' title='bbox 825 1311 882 1383; x_wconf 91' lang='lat' dir='ltr'>die</span> <span class='ocrx_word' id='word_1_42' title='bbox 909 1309 969 1382; x_wconf 92' lang='lat' dir='ltr'>soli</span> <span class='ocrx_word' id='word_1_43' title='bbox 992 1311 1150 1384; x_wconf 90' lang='lat' dir='ltr'>omnium</span> 
     </span>
     <span class='ocr_line' id='line_1_8' title="bbox 184 1428 1150 1526; baseline 0.001 -26"><span class='ocrx_word' id='word_1_44' title='bbox 184 1430 288 1503; x_wconf 91' lang='lat' dir='ltr'>Vinio</span> <span class='ocrx_word' id='word_1_45' title='bbox 305 1430 466 1502; x_wconf 68' lang='lat' dir='ltr'>fictilibus</span> <span class='ocrx_word' id='word_1_46' title='bbox 495 1430 673 1503; x_wconf 88' lang='lat' dir='ltr'>ministrari</span> <span class='ocrx_word' id='word_1_47' title='bbox 695 1428 799 1526; x_wconf 79' lang='lat' dir='ltr'>jussit.</span> <span class='ocrx_word' id='word_1_48' title='bbox 849 1431 916 1502; x_wconf 88' lang='lat' dir='ltr'>Sed</span> <span class='ocrx_word' id='word_1_49' title='bbox 933 1429 1053 1500; x_wconf 85' lang='lat' dir='ltr'>Vinius</span> <span class='ocrx_word' id='word_1_50' title='bbox 1071 1455 1150 1525; x_wconf 91' lang='lat' dir='ltr'>pro·</span> 
     </span>
     <span class='ocr_line' id='line_1_9' title="bbox 182 1545 1151 1645; baseline -0.001 -24"><span class='ocrx_word' id='word_1_51' title='bbox 182 1548 357 1621; x_wconf 81' lang='lat' dir='ltr'>consulatu</span> <span class='ocrx_word' id='word_1_52' title='bbox 373 1549 524 1620; x_wconf 83' lang='lat' dir='ltr'>Galliam</span> <span class='ocrx_word' id='word_1_53' title='bbox 542 1547 802 1621; x_wconf 81' lang='lat' dir='ltr'>Narbonensem</span> <span class='ocrx_word' id='word_1_54' title='bbox 820 1545 931 1620; x_wconf 65' lang='lat' dir='ltr'>severe</span> <span class='ocrx_word' id='word_1_55' title='bbox 948 1548 1151 1645; x_wconf 75' lang='lat' dir='ltr'>integreque</span> 
     </span>
     <span class='ocr_line' id='line_1_10' title="bbox 179 1665 1148 1763; baseline 0.003 -26"><span class='ocrx_word' id='word_1_56' title='bbox 179 1665 296 1738; x_wconf 86' lang='lat' dir='ltr'>rexit:</span> <span class='ocrx_word' id='word_1_57' title='bbox 338 1692 424 1738; x_wconf 89' lang='lat' dir='ltr'>mox</span> <span class='ocrx_word' id='word_1_58' title='bbox 452 1669 573 1739; x_wconf 81' lang='lat' dir='ltr'>Galba</span> <span class='ocrx_word' id='word_1_59' title='bbox 591 1667 741 1739; x_wconf 65' lang='lat' dir='ltr'>amicitis</span> <span class='ocrx_word' id='word_1_60' title='bbox 769 1667 805 1738; x_wconf 89' lang='lat' dir='ltr'>in</span> <span class='ocrx_word' id='word_1_61' title='bbox 836 1670 1024 1763; x_wconf 89' lang='lat' dir='ltr'>abruptum</span> <span class='ocrx_word' id='word_1_62' title='bbox 1062 1689 1148 1740; x_wconf 89' lang='lat' dir='ltr'>trac·</span> 
     </span>
     <span class='ocr_line' id='line_1_11' title="bbox 184 1786 1150 1881; baseline 0.003 -25"><span class='ocrx_word' id='word_1_63' title='bbox 184 1805 253 1872; x_wconf 89' lang='lat' dir='ltr'>tus,</span> <span class='ocrx_word' id='word_1_64' title='bbox 270 1787 398 1874; x_wconf 86' lang='lat' dir='ltr'>audax,</span> <span class='ocrx_word' id='word_1_65' title='bbox 416 1786 571 1875; x_wconf 89' lang='lat' dir='ltr'>callidus,</span> <span class='ocrx_word' id='word_1_66' title='bbox 591 1807 786 1881; x_wconf 90' lang='lat' dir='ltr'>promptus,</span> <span class='ocrx_word' id='word_1_67' title='bbox 813 1789 860 1874; x_wconf 75' lang='grc' dir='ltr'>ὅτ,</span> <span class='ocrx_word' id='word_1_68' title='bbox 880 1807 979 1880; x_wconf 89' lang='lat' dir='ltr'>prout</span> <span class='ocrx_word' id='word_1_69' title='bbox 994 1786 1150 1859; x_wconf 88' lang='lat' dir='ltr'>animum</span> 
     </span>
     <span class='ocr_line' id='line_1_12' title="bbox 182 1902 1149 2000; baseline 0.002 -26"><span class='ocrx_word' id='word_1_70' title='bbox 182 1902 389 1992; x_wconf 79' lang='lat' dir='ltr'>intendisset,</span> <span class='ocrx_word' id='word_1_71' title='bbox 406 1930 544 2000; x_wconf 87' lang='lat' dir='ltr'>pravus,</span> <span class='ocrx_word' id='word_1_72' title='bbox 561 1927 619 1977; x_wconf 88' lang='lat' dir='ltr'>aut</span> <span class='ocrx_word' id='word_1_73' title='bbox 636 1903 832 1992; x_wconf 88' lang='lat' dir='ltr'>industrius,</span> <span class='ocrx_word' id='word_1_74' title='bbox 850 1905 970 1975; x_wconf 66' lang='lat' dir='ltr'>eadem</span> <span class='ocrx_word' id='word_1_75' title='bbox 992 1904 1039 1975; x_wconf 78' lang='lat' dir='ltr'>vi.</span> <span class='ocrx_word' id='word_1_76' title='bbox 1064 1903 1149 1976; x_wconf 90' lang='lat' dir='ltr'>Tes-</span> 
     </span>
     <span class='ocr_line' id='line_1_13' title="bbox 183 2021 1147 2119; baseline 0.001 -26"><span class='ocrx_word' id='word_1_77' title='bbox 183 2042 377 2095; x_wconf 89' lang='lat' dir='ltr'>tamentum</span> <span class='ocrx_word' id='word_1_78' title='bbox 405 2025 450 2094; x_wconf 87' lang='lat' dir='ltr'>T.</span> <span class='ocrx_word' id='word_1_79' title='bbox 476 2022 569 2093; x_wconf 89' lang='lat' dir='ltr'>Vinii</span> <span class='ocrx_word' id='word_1_80' title='bbox 594 2021 833 2119; x_wconf 81' lang='lat' dir='ltr'>magnitudine</span> <span class='ocrx_word' id='word_1_81' title='bbox 860 2047 967 2118; x_wconf 91' lang='lat' dir='ltr'>opum</span> <span class='ocrx_word' id='word_1_82' title='bbox 994 2022 1147 2095; x_wconf 90' lang='lat' dir='ltr'>irritum:</span> 
     </span>
     <span class='ocr_line' id='line_1_14' title="bbox 182 2139 1128 2238; baseline 0.003 -27"><span class='ocrx_word' id='word_1_83' title='bbox 182 2139 311 2212; x_wconf 90' lang='lat' dir='ltr'>Pisonis</span> <span class='ocrx_word' id='word_1_84' title='bbox 327 2139 520 2236; x_wconf 85' lang='lat' dir='ltr'>supremam</span> <span class='ocrx_word' id='word_1_85' title='bbox 537 2143 751 2213; x_wconf 89' lang='lat' dir='ltr'>voluntatem</span> <span class='ocrx_word' id='word_1_86' title='bbox 771 2162 949 2238; x_wconf 82' lang='lat' dir='ltr'>paupertas</span> <span class='ocrx_word' id='word_1_87' title='bbox 966 2141 1128 2214; x_wconf 88' lang='lat' dir='ltr'>firmavit.</span> 
     </span>
     <span class='ocr_line' id='line_1_15' title="bbox 231 2261 1150 2357; baseline 0.003 -27"><span class='ocrx_word' id='word_1_88' title='bbox 231 2261 369 2331; x_wconf 90' lang='lat' dir='ltr'>XLIX.</span> <span class='ocrx_word' id='word_1_89' title='bbox 396 2261 547 2331; x_wconf 70' lang='lat' dir='ltr'>Garssa</span> <span class='ocrx_word' id='word_1_90' title='bbox 574 2285 699 2355; x_wconf 90' lang='lat' dir='ltr'>corpus</span> <span class='ocrx_word' id='word_1_91' title='bbox 727 2261 787 2332; x_wconf 93' lang='lat' dir='ltr'>diu</span> <span class='ocrx_word' id='word_1_92' title='bbox 814 2263 1026 2357; x_wconf 76' lang='lat' dir='ltr'>neglectum,</span> <span class='ocrx_word' id='word_1_93' title='bbox 1051 2266 1083 2332; x_wconf 90' lang='lat'>&amp;</span> <span class='ocrx_word' id='word_1_94' title='bbox 1110 2261 1150 2333; x_wconf 90' lang='lat' dir='ltr'>li-</span> 
     </span>
     <span class='ocr_line' id='line_1_16' title="bbox 183 2378 1147 2473; baseline 0.001 -23"><span class='ocrx_word' id='word_1_95' title='bbox 183 2378 295 2450; x_wconf 64' lang='lat' dir='ltr'>centis</span> <span class='ocrx_word' id='word_1_96' title='bbox 328 2379 544 2449; x_wconf 86' lang='lat' dir='ltr'>tenebrarum</span> <span class='ocrx_word' id='word_1_97' title='bbox 583 2378 738 2473; x_wconf 87' lang='lat' dir='ltr'>plurimis</span> <span class='ocrx_word' id='word_1_98' title='bbox 779 2378 935 2451; x_wconf 90' lang='lat' dir='ltr'>ludibriis</span> <span class='ocrx_word' id='word_1_99' title='bbox 967 2400 1147 2469; x_wconf 83' lang='lat' dir='ltr'>vexatum,</span> 
     </span>
     <span class='ocr_line' id='line_1_17' title="bbox 183 2494 1149 2593; baseline 0.002 -26"><span class='ocrx_word' id='word_1_100' title='bbox 183 2494 391 2593; x_wconf 89' lang='lat' dir='ltr'>dispensator</span> <span class='ocrx_word' id='word_1_101' title='bbox 408 2495 550 2592; x_wconf 83' lang='lat' dir='ltr'>Argius,</span> <span class='ocrx_word' id='word_1_102' title='bbox 577 2521 596 2568; x_wconf 90' lang='lat' dir='ltr'>e</span> <span class='ocrx_word' id='word_1_103' title='bbox 625 2497 790 2592; x_wconf 88' lang='lat' dir='ltr'>prioribus</span> <span class='ocrx_word' id='word_1_104' title='bbox 818 2495 933 2585; x_wconf 89' lang='lat' dir='ltr'>servis,</span> <span class='ocrx_word' id='word_1_105' title='bbox 961 2498 1083 2569; x_wconf 90' lang='lat' dir='ltr'>humili</span> <span class='ocrx_word' id='word_1_106' title='bbox 1100 2497 1149 2570; x_wconf 80' lang='lat' dir='ltr'>se-</span> 
     </span>
     <span class='ocr_line' id='line_1_18' title="bbox 185 2613 1149 2712; baseline 0.003 -26"><span class='ocrx_word' id='word_1_107' title='bbox 185 2617 334 2710; x_wconf 69' lang='lat' dir='ltr'>pultum,</span> <span class='ocrx_word' id='word_1_108' title='bbox 361 2615 396 2686; x_wconf 92' lang='lat' dir='ltr'>in</span> <span class='ocrx_word' id='word_1_109' title='bbox 426 2614 564 2710; x_wconf 89' lang='lat' dir='ltr'>privatis</span> <span class='ocrx_word' id='word_1_110' title='bbox 592 2613 662 2711; x_wconf 88' lang='lat' dir='ltr'>ejus</span> <span class='ocrx_word' id='word_1_111' title='bbox 690 2614 797 2686; x_wconf 87' lang='lat' dir='ltr'>hortis</span> <span class='ocrx_word' id='word_1_112' title='bbox 819 2615 983 2688; x_wconf 83' lang='lat' dir='ltr'>contexit.</span> <span class='ocrx_word' id='word_1_113' title='bbox 1033 2618 1149 2712; x_wconf 90' lang='lat' dir='ltr'>Caput</span> 
     </span>
     <span class='ocr_line' id='line_1_19' title="bbox 185 2731 1151 2830; baseline 0.002 -25"><span class='ocrx_word' id='word_1_114' title='bbox 185 2758 245 2828; x_wconf 90' lang='lat' dir='ltr'>per</span> <span class='ocrx_word' id='word_1_115' title='bbox 263 2733 348 2806; x_wconf 87' lang='lat' dir='ltr'>lixas</span> <span class='ocrx_word' id='word_1_116' title='bbox 366 2733 567 2830; x_wconf 89' lang='lat' dir='ltr'>calonesque</span> <span class='ocrx_word' id='word_1_117' title='bbox 584 2731 758 2821; x_wconf 81' lang='lat' dir='ltr'>suffixum,</span> <span class='ocrx_word' id='word_1_118' title='bbox 784 2735 1039 2830; x_wconf 88' lang='lat' dir='ltr'>laceratumque</span> <span class='ocrx_word' id='word_1_119' title='bbox 1071 2758 1151 2808; x_wconf 89' lang='lat' dir='ltr'>ante</span> 
     </span>
     <span class='ocr_line' id='line_1_20' title="bbox 183 2851 1152 2947; baseline 0.004 -25"><span class='ocrx_word' id='word_1_120' title='bbox 183 2852 334 2924; x_wconf 89' lang='lat' dir='ltr'>Patrobii</span> <span class='ocrx_word' id='word_1_121' title='bbox 362 2853 538 2924; x_wconf 91' lang='lat' dir='ltr'>tumulum</span> <span class='ocrx_word' id='word_1_122' title='bbox 573 2852 732 2944; x_wconf 88' lang='lat' dir='ltr'>(libertus</span> <span class='ocrx_word' id='word_1_123' title='bbox 750 2851 776 2924; x_wconf 86' lang='lat' dir='ltr'>is</span> <span class='ocrx_word' id='word_1_124' title='bbox 793 2851 941 2923; x_wconf 89' lang='lat' dir='ltr'>Neronis</span> <span class='ocrx_word' id='word_1_125' title='bbox 970 2852 1110 2947; x_wconf 90' lang='lat' dir='ltr'>punitus</span> <span class='ocrx_word' id='word_1_126' title='bbox 1131 2881 1152 2926; x_wconf 92' lang='lat' dir='ltr'>a</span> 
     </span>
     <span class='ocr_line' id='line_1_21' title="bbox 183 2968 1149 3066; baseline 0.002 -24"><span class='ocrx_word' id='word_1_127' title='bbox 183 2971 297 3042; x_wconf 76' lang='lat' dir='ltr'>Galba</span> <span class='ocrx_word' id='word_1_128' title='bbox 324 2968 450 3063; x_wconf 85' lang='lat' dir='ltr'>suerat)</span> <span class='ocrx_word' id='word_1_129' title='bbox 485 2970 617 3066; x_wconf 72' lang='lat' dir='ltr'>postera</span> <span class='ocrx_word' id='word_1_130' title='bbox 645 2971 788 3042; x_wconf 90' lang='lat' dir='ltr'>demum</span> <span class='ocrx_word' id='word_1_131' title='bbox 811 2972 867 3042; x_wconf 89' lang='lat' dir='ltr'>die</span> <span class='ocrx_word' id='word_1_132' title='bbox 894 2993 1080 3066; x_wconf 87' lang='lat' dir='ltr'>repertum,</span> <span class='ocrx_word' id='word_1_133' title='bbox 1115 2977 1149 3044; x_wconf 75' lang='grc' dir='ltr'>ὅτ</span> 
     </span>
     <span class='ocr_line' id='line_1_22' title="bbox 183 3086 1149 3183; baseline 0 -23"><span class='ocrx_word' id='word_1_134' title='bbox 183 3107 336 3160; x_wconf 90' lang='lat' dir='ltr'>cremato</span> <span class='ocrx_word' id='word_1_135' title='bbox 351 3086 425 3183; x_wconf 88' lang='lat' dir='ltr'>jam</span> <span class='ocrx_word' id='word_1_136' title='bbox 448 3088 584 3183; x_wconf 91' lang='lat' dir='ltr'>corpori</span> <span class='ocrx_word' id='word_1_137' title='bbox 607 3089 804 3160; x_wconf 87' lang='lat' dir='ltr'>admixtum</span> <span class='ocrx_word' id='word_1_138' title='bbox 830 3089 890 3161; x_wconf 88' lang='lat' dir='ltr'>est.</span> <span class='ocrx_word' id='word_1_139' title='bbox 941 3092 1050 3160; x_wconf 89' lang='lat' dir='ltr'>Hunc</span> <span class='ocrx_word' id='word_1_140' title='bbox 1075 3090 1149 3161; x_wconf 87' lang='lat' dir='ltr'>exi-</span> 
     </span>
     <span class='ocr_line' id='line_1_23' title="bbox 184 3206 1151 3303; baseline 0.001 -25"><span class='ocrx_word' id='word_1_141' title='bbox 184 3226 260 3278; x_wconf 87' lang='lat' dir='ltr'>tum</span> <span class='ocrx_word' id='word_1_142' title='bbox 276 3206 396 3279; x_wconf 88' lang='lat' dir='ltr'>habuit</span> <span class='ocrx_word' id='word_1_143' title='bbox 414 3210 483 3278; x_wconf 86' lang='lat' dir='ltr'>Ser.</span> <span class='ocrx_word' id='word_1_144' title='bbox 500 3209 628 3294; x_wconf 89' lang='lat' dir='ltr'>Galba,</span> <span class='ocrx_word' id='word_1_145' title='bbox 658 3208 765 3279; x_wconf 92' lang='lat' dir='ltr'>tribus</span> <span class='ocrx_word' id='word_1_146' title='bbox 795 3213 827 3280; x_wconf 77' lang='grc' dir='ltr'>δι</span> <span class='ocrx_word' id='word_1_147' title='bbox 855 3206 1067 3303; x_wconf 87' lang='lat' dir='ltr'>septuaginta</span> <span class='ocrx_word' id='word_1_148' title='bbox 1091 3232 1151 3279; x_wconf 87' lang='lat' dir='ltr'>an·</span> 
     </span>
     <span class='ocr_line' id='line_1_24' title="bbox 184 3323 1149 3422; baseline 0.002 -26"><span class='ocrx_word' id='word_1_149' title='bbox 184 3325 251 3413; x_wconf 92' lang='lat' dir='ltr'>nis,</span> <span class='ocrx_word' id='word_1_150' title='bbox 269 3325 424 3422; x_wconf 90' lang='lat' dir='ltr'>quinque</span> <span class='ocrx_word' id='word_1_151' title='bbox 440 3325 615 3421; x_wconf 89' lang='lat' dir='ltr'>Principes</span> <span class='ocrx_word' id='word_1_152' title='bbox 645 3323 802 3421; x_wconf 68' lang='lat' dir='ltr'>prospera</span> <span class='ocrx_word' id='word_1_153' title='bbox 832 3324 965 3397; x_wconf 73' lang='lat' dir='ltr'>fortuna</span> <span class='ocrx_word' id='word_1_154' title='bbox 982 3326 1149 3414; x_wconf 89' lang='lat' dir='ltr'>emensus,</span> 
     </span>
     <span class='ocr_line' id='line_1_25' title="bbox 184 3441 1149 3540; baseline 0.001 -25"><span class='ocrx_word' id='word_1_155' title='bbox 184 3447 218 3515; x_wconf 88' lang='lat'>&amp;</span> <span class='ocrx_word' id='word_1_156' title='bbox 241 3443 352 3515; x_wconf 90' lang='lat' dir='ltr'>alieno</span> <span class='ocrx_word' id='word_1_157' title='bbox 381 3443 527 3539; x_wconf 91' lang='lat' dir='ltr'>imperio</span> <span class='ocrx_word' id='word_1_158' title='bbox 555 3442 696 3531; x_wconf 87' lang='lat' dir='ltr'>felicior,</span> <span class='ocrx_word' id='word_1_159' title='bbox 731 3444 838 3540; x_wconf 76' lang='lat' dir='ltr'>quarn</span> <span class='ocrx_word' id='word_1_160' title='bbox 867 3441 936 3515; x_wconf 90' lang='lat' dir='ltr'>suo.</span> <span class='ocrx_word' id='word_1_161' title='bbox 987 3446 1092 3515; x_wconf 89' lang='lat' dir='ltr'>Vetus</span> <span class='ocrx_word' id='word_1_162' title='bbox 1114 3446 1149 3516; x_wconf 94' lang='lat' dir='ltr'>in</span> 
     </span>
     <span class='ocr_line' id='line_1_26' title="bbox 183 3560 1150 3659; baseline 0.004 -27"><span class='ocrx_word' id='word_1_163' title='bbox 183 3560 311 3634; x_wconf 74' lang='lat' dir='ltr'>familia</span> <span class='ocrx_word' id='word_1_164' title='bbox 328 3562 501 3650; x_wconf 86' lang='lat' dir='ltr'>nobilitas,</span> <span class='ocrx_word' id='word_1_165' title='bbox 532 3588 667 3659; x_wconf 76' lang='lat' dir='ltr'>magnae</span> <span class='ocrx_word' id='word_1_166' title='bbox 686 3588 791 3658; x_wconf 92' lang='lat' dir='ltr'>opes:</span> <span class='ocrx_word' id='word_1_167' title='bbox 824 3562 883 3656; x_wconf 85' lang='lat' dir='ltr'>ipsr</span> <span class='ocrx_word' id='word_1_168' title='bbox 914 3561 1068 3634; x_wconf 92' lang='lat' dir='ltr'>medium</span> <span class='ocrx_word' id='word_1_169' title='bbox 1096 3565 1150 3636; x_wconf 91' lang='lat' dir='ltr'>in·</span> 
     </span>
     <span class='ocr_line' id='line_1_27' title="bbox 185 3680 1149 3778; baseline 0.007 -27"><span class='ocrx_word' id='word_1_170' title='bbox 185 3680 343 3776; x_wconf 88' lang='lat' dir='ltr'>genium,</span> <span class='ocrx_word' id='word_1_171' title='bbox 371 3681 481 3778; x_wconf 83' lang='lat' dir='ltr'>magis</span> <span class='ocrx_word' id='word_1_172' title='bbox 498 3701 594 3753; x_wconf 87' lang='lat' dir='ltr'>extra</span> <span class='ocrx_word' id='word_1_173' title='bbox 610 3680 705 3767; x_wconf 90' lang='lat' dir='ltr'>vitia,</span> <span class='ocrx_word' id='word_1_174' title='bbox 735 3681 841 3775; x_wconf 72' lang='lat' dir='ltr'>quam</span> <span class='ocrx_word' id='word_1_175' title='bbox 858 3706 939 3751; x_wconf 90' lang='lat' dir='ltr'>cum</span> <span class='ocrx_word' id='word_1_176' title='bbox 956 3681 1149 3759; x_wconf 82' lang='lat' dir='ltr'>virtutibus.</span> 
     </span>
     <span class='ocr_line' id='line_1_28' title="bbox 184 3798 1149 3886; baseline 0.003 -15"><span class='ocrx_word' id='word_1_177' title='bbox 184 3801 300 3871; x_wconf 86' lang='lat' dir='ltr'>Famae</span> <span class='ocrx_word' id='word_1_178' title='bbox 332 3825 393 3872; x_wconf 93' lang='lat' dir='ltr'>nec</span> <span class='ocrx_word' id='word_1_179' title='bbox 422 3798 618 3886; x_wconf 91' lang='lat' dir='ltr'>incuriosus,</span> <span class='ocrx_word' id='word_1_180' title='bbox 652 3824 714 3869; x_wconf 85' lang='lat' dir='ltr'>nec</span> <span class='ocrx_word' id='word_1_181' title='bbox 738 3798 941 3871; x_wconf 80' lang='lat' dir='ltr'>venditator.</span> <span class='ocrx_word' id='word_1_182' title='bbox 991 3803 1149 3875; x_wconf 69' lang='lat' dir='ltr'>Pecuniae</span> 
     </span>
     <span class='ocr_line' id='line_1_29' title="bbox 185 3916 1149 4016; baseline 0.003 -25"><span class='ocrx_word' id='word_1_183' title='bbox 185 3916 303 3991; x_wconf 73' lang='lat' dir='ltr'>alienae</span> <span class='ocrx_word' id='word_1_184' title='bbox 320 3943 391 3990; x_wconf 91' lang='lat' dir='ltr'>non</span> <span class='ocrx_word' id='word_1_185' title='bbox 406 3920 584 4015; x_wconf 88' lang='lat' dir='ltr'>adpetens,</span> <span class='ocrx_word' id='word_1_186' title='bbox 602 3917 669 3990; x_wconf 88' lang='lat' dir='ltr'>suae</span> <span class='ocrx_word' id='word_1_187' title='bbox 683 3943 817 4014; x_wconf 88' lang='lat' dir='ltr'>parcus,</span> <span class='ocrx_word' id='word_1_188' title='bbox 830 3958 833 3964; x_wconf 96' lang='lat'>·</span> <span class='ocrx_word' id='word_1_189' title='bbox 843 3918 990 4016; x_wconf 80' lang='lat' dir='ltr'>publica</span> <span class='ocrx_word' id='word_1_190' title='bbox 1017 3945 1149 3994; x_wconf 83' lang='lat' dir='ltr'>avarus.</span> 
     </span>
    </p>
   </div>
   <div class='ocr_carea' id='block_1_3' title="bbox 0 0 1508 5144">
    <p class='ocr_par' dir='ltr' id='par_1_3' title="bbox 0 0 1508 5144">
     <span class='ocr_line' id='line_1_30' title="bbox 0 0 1508 5144; baseline 0 0"><span class='ocrx_word' id='word_1_191' title='bbox 0 0 1508 5144; x_wconf 95' lang='lat' dir='ltr'> </span> 
     </span>
    </p>
   </div>
  </div>
 </body>
</html>
