3000 5144
340 520 386 620 96
537 517 1118 592 C.Conuaa11Tncrtt

336 690 441 788 pente
474 710 594 763 contra
622 691 833 765 Placentiam
859 689 1061 790 transgresst,
1095 687 1202 786 raptis
1235 688 1312 786 qui-

336 808 484 884 busdam
518 812 805 906 exploratoribus,
845 810 893 884 ita
923 832 1050 884 ceteros
1079 810 1242 896 terrudre,
1275 827 1314 881 ut

337 936 365 971 “
385 930 497 1001 adeffe
526 956 668 1005 omnem
690 930 841 1005 Caecinae
874 929 1089 1005 exercitum’'
1114 927 1241 1026 trepidi
1273 953 1315 1003 ac

340 1046 410 1122 falsi
430 1048 635 1122 nuntiarent.

385 1169 520 1240 XVIII.
556 1169 725 1241 Caranum
746 1190 815 1241 erat
840 1167 1018 1265 Spurinnae
1049 1167 1096 1263 (is
1121 1168 1216 1239 enim
1232 1168 1312 1240 Pla·

336 1286 485 1360 centiam
509 1286 705 1381 obtinebat)
730 1288 881 1361 necdum
899 1287 1026 1360 venisse
1049 1285 1238 1375 Caecinam,
1263 1292 1313 1376 δι,

337 1411 361 1479 s1
389 1406 650 1503 propinquaret,
680 1412 838 1478 coercere
867 1405 954 1479 intra
975 1405 1195 1480 munimenta
1222 1405 1315 1478 mili-

335 1549 422 1617 tem,
447 1552 510 1598 nec
537 1525 595 1599 tris
612 1525 784 1621 praetorias
802 1528 977 1616 cohortes,
1004 1529 1037 1598 δι
1057 1525 1152 1598 mille
1169 1523 1313 1597 vexilla·

336 1644 420 1733 rios,
455 1670 537 1716 cum
571 1644 686 1742 paucis
719 1644 903 1742 equitibus,
945 1664 1107 1717 veterano
1148 1643 1316 1717 exercitui

339 1762 502 1859 objicere.
554 1765 621 1837 Sed
637 1763 826 1837 indomitus
852 1764 966 1854 miles,
992 1769 1024 1838 δι
1054 1764 1135 1838 belli
1161 1763 1315 1862 ignarus,

339 1882 505 1980 correptis
523 1883 624 1981 signis
640 1880 857 1980 vexillisque,
877 1908 987 1973 ruere,
1007 1888 1040 1956 Sc
1057 1863 1216 1957 retinenti
1233 1867 1317 1956 duci

338 2005 408 2075 tela
435 2002 617 2093 intentare,
647 2000 763 2098 spretis
792 2002 1051 2076 centurionibus
1084 2000 1314 2098 tribunisque,

340 2122 401 2219 qui
428 2129 454 2165 “
473 2122 721 2219 proditionem,
746 2125 779 2193 δι
796 2120 946 2195 accitum
969 2121 1169 2196 Caeeinam''
1195 2120 1316 2194 clami-

338 2243 470 2313 tabant.
519 2240 577 2313 Fit
604 2239 805 2313 temeritatis
832 2240 951 2313 alienae
980 2266 1097 2314 comes
1128 2238 1314 2336 Spurinna,

339 2358 455 2456 primo
480 2360 632 2447 coaetus,
651 2385 735 2431 mox
751 2362 840 2433 velle
859 2360 1033 2449 fimulans,
1052 2358 1124 2455 qub
1143 2359 1220 2454 plus
1233 2383 1316 2431 auc·

339 2477 484 2552 totitatis
500 2479 616 2551 inellet
634 2477 794 2568 consiliis,
815 2482 837 2552 sr
853 2477 975 2551 seditio
991 2476 1194 2551 mitesceret.

389 2599 491 2672 XIX.
516 2598 734 2684 Postquam
761 2597 797 2669 in
821 2595 1005 2694 conspestu
1029 2598 1160 2686 Padus,
1186 2601 1220 2670 Sc
1244 2623 1317 2676 nox

341 2719 542 2814 adpetebat,
558 2716 679 2791 vallari
696 2718 805 2790 castra
822 2715 960 2813 placuit.
1010 2718 1042 2792 Is
1059 2717 1156 2789 labor
1170 2718 1318 2791 Urbano

342 2955 487 3053 quisque
499 2954 662 3052 castigare
692 2961 720 2997 “
738 2952 976 3028 credulitatem
992 2953 1102 3044 suam,
1127 2976 1261 3028 metum
1278 2981 1318 3029 ac

345 3083 373 3118 “
391 3074 598 3148 discrimen''
631 3072 823 3162 ostendere,
853 3076 922 3145 “fi
955 3099 1035 3146 cum
1063 3075 1217 3148 exercitu
1240 3076 1318 3148 Cae·

343 3202 372 3238 “
390 3194 480 3283 cina,
512 3192 705 3289 patentibus
734 3192 881 3288 campiS,
909 3212 982 3265 tam
1013 3218 1138 3288 paucas
1161 3195 1319 3267 cohortes

345 3321 373 3357 “
392 3311 691 3386 circumfudisset.”
752 3314 903 3409 Jamque
931 3311 1011 3384 totis
1032 3311 1146 3384 castris
1173 3312 1319 3385 modesti

343 3433 530 3522 sermones,
557 3437 606 3521 &,
637 3430 859 3504 inserentibus
875 3428 906 3502 se
925 3430 1184 3504 centurionibus
1207 3431 1318 3504 tribu·

344 3551 479 3649 nisque,
497 3553 637 3624 laudare
656 3559 683 3594 “
701 3549 954 3648 providentiam
972 3550 1082 3637 ducis,
1109 3547 1206 3645 qubd
1222 3550 1319 3622 colo·

344 3678 373 3714 “
392 3671 499 3758 niam,
520 3670 645 3743 virium
666 3676 699 3744 δι
717 3695 826 3765 opum
843 3669 1009 3758 validam,
1027 3671 1130 3741 robur
1147 3693 1187 3740 ac
1201 3665 1317 3742 sedem

345 3797 374 3832 “
392 3792 484 3862 bello
518 3790 683 3887 legillet.''
732 3788 806 3884 Ipse
831 3787 1008 3884 postremd
1033 3787 1217 3884 Spurinna,
1246 3813 1320 3860 non

343 3927 417 3986 tam
438 3909 576 4007 culpam
600 3909 826 4007 exprobrans,
844 3908 952 4006 quam
969 3905 1100 3982 ratione
1120 3906 1318 3998 ostendens,
