<?xml version="1.0" encoding="UTF-8"?>
<!DOCTYPE html PUBLIC "-//W3C//DTD XHTML 1.0 Transitional//EN"
    "http://www.w3.org/TR/xhtml1/DTD/xhtml1-transitional.dtd">
<html xmlns="http://www.w3.org/1999/xhtml" xml:lang="en" lang="en">
 <head>
  <title>
</title>
<meta http-equiv="Content-Type" content="text/html;charset=utf-8" />
  <meta name='ocr-system' content='tesseract 3.04.00' />
  <meta name='ocr-capabilities' content='ocr_page ocr_carea ocr_par ocr_line ocrx_word'/>
</head>
<body>
  <div class='ocr_page' id='page_1' title='image "./ccorneliitaciti02ernegoog_0102.png"; bbox 0 0 3000 5144; ppageno 0'>
   <div class='ocr_carea' id='block_1_1' title="bbox 386 544 1191 648">
    <p class='ocr_par' dir='ltr' id='par_1_1' title="bbox 386 544 1191 648">
     <span class='ocr_line' id='line_1_1' title="bbox 386 544 1191 648; baseline 0.002 -29"><span class='ocrx_word' id='word_1_1' title='bbox 386 544 792 623; x_wconf 73' lang='lat' dir='ltr'>Hrsronranuu</span> <span class='ocrx_word' id='word_1_2' title='bbox 826 549 934 620; x_wconf 81' lang='lat' dir='ltr'>Lrn.</span> <span class='ocrx_word' id='word_1_3' title='bbox 966 549 1011 620; x_wconf 94' lang='grc' dir='ltr'>ΙΙ.</span> <span class='ocrx_word' id='word_1_4' title='bbox 1144 574 1191 648; x_wconf 81' lang='lat'>93</span> 
     </span>
    </p>
   </div>
   <div class='ocr_carea' id='block_1_2' title="bbox 215 718 1204 4013">
    <p class='ocr_par' dir='ltr' id='par_1_2' title="bbox 215 718 1204 4013">
     <span class='ocr_line' id='line_1_2' title="bbox 216 718 1194 816; baseline 0.007 -22"><span class='ocrx_word' id='word_1_5' title='bbox 216 719 328 794; x_wconf 90' lang='lat' dir='ltr'>Fabio</span> <span class='ocrx_word' id='word_1_6' title='bbox 357 719 495 791; x_wconf 86' lang='lat' dir='ltr'>Valenti</span> <span class='ocrx_word' id='word_1_7' title='bbox 526 718 650 816; x_wconf 85' lang='lat' dir='ltr'>trepidi</span> <span class='ocrx_word' id='word_1_8' title='bbox 673 719 783 792; x_wconf 91' lang='lat' dir='ltr'>nuntii</span> <span class='ocrx_word' id='word_1_9' title='bbox 819 724 976 796; x_wconf 69' lang='lat' dir='ltr'>attulere.</span> <span class='ocrx_word' id='word_1_10' title='bbox 1036 724 1194 801; x_wconf 84' lang='lat' dir='ltr'><strong>Aderant</strong></span> 
     </span>
     <span class='ocr_line' id='line_1_3' title="bbox 217 838 1191 937; baseline 0.001 -23"><span class='ocrx_word' id='word_1_11' title='bbox 217 838 323 937; x_wconf 82' lang='lat' dir='ltr'>iegati</span> <span class='ocrx_word' id='word_1_12' title='bbox 340 839 570 929; x_wconf 90' lang='lat' dir='ltr'>coloniarum,</span> <span class='ocrx_word' id='word_1_13' title='bbox 599 839 770 911; x_wconf 88' lang='lat' dir='ltr'>auxilium</span> <span class='ocrx_word' id='word_1_14' title='bbox 787 861 930 913; x_wconf 85' lang='lat' dir='ltr'>orantes.</span> <span class='ocrx_word' id='word_1_15' title='bbox 979 844 1076 914; x_wconf 90' lang='lat' dir='ltr'>Duas</span> <span class='ocrx_word' id='word_1_16' title='bbox 1092 845 1191 916; x_wconf 86' lang='lat' dir='ltr'>Tun·</span> 
     </span>
     <span class='ocr_line' id='line_1_4' title="bbox 216 959 1193 1056; baseline -0.002 -26"><span class='ocrx_word' id='word_1_17' title='bbox 216 985 363 1056; x_wconf 84' lang='lat' dir='ltr'>giorum</span> <span class='ocrx_word' id='word_1_18' title='bbox 386 959 558 1048; x_wconf 88' lang='lat' dir='ltr'>cohortes,</span> <span class='ocrx_word' id='word_1_19' title='bbox 589 978 739 1055; x_wconf 87' lang='lat' dir='ltr'>quatuor</span> <span class='ocrx_word' id='word_1_20' title='bbox 766 959 925 1055; x_wconf 90' lang='lat' dir='ltr'>equitum</span> <span class='ocrx_word' id='word_1_21' title='bbox 949 981 1094 1052; x_wconf 92' lang='lat' dir='ltr'>turmas,</span> <span class='ocrx_word' id='word_1_22' title='bbox 1115 962 1193 1035; x_wconf 78' lang='lat' dir='ltr'>uni,</span> 
     </span>
     <span class='ocr_line' id='line_1_5' title="bbox 215 1077 1193 1177; baseline 0.004 -27"><span class='ocrx_word' id='word_1_23' title='bbox 215 1077 348 1154; x_wconf 83' lang='lat' dir='ltr'>versam</span> <span class='ocrx_word' id='word_1_24' title='bbox 364 1079 599 1150; x_wconf 87' lang='lat' dir='ltr'>Treverorum</span> <span class='ocrx_word' id='word_1_25' title='bbox 615 1079 720 1165; x_wconf 90' lang='lat' dir='ltr'>alam,</span> <span class='ocrx_word' id='word_1_26' title='bbox 739 1104 820 1150; x_wconf 90' lang='lat' dir='ltr'>cum</span> <span class='ocrx_word' id='word_1_27' title='bbox 835 1079 931 1172; x_wconf 86' lang='lat' dir='ltr'>Julio</span> <span class='ocrx_word' id='word_1_28' title='bbox 943 1081 1091 1170; x_wconf 83' lang='lat' dir='ltr'>classico,</span> <span class='ocrx_word' id='word_1_29' title='bbox 1106 1107 1193 1177; x_wconf 83' lang='lat' dir='ltr'>prae·</span> 
     </span>
     <span class='ocr_line' id='line_1_6' title="bbox 217 1195 1196 1296; baseline 0.004 -26"><span class='ocrx_word' id='word_1_30' title='bbox 217 1195 323 1285; x_wconf 73' lang='lat' dir='ltr'>fetro,</span> <span class='ocrx_word' id='word_1_31' title='bbox 342 1196 453 1268; x_wconf 84' lang='lat' dir='ltr'>mifit:</span> <span class='ocrx_word' id='word_1_32' title='bbox 485 1196 649 1293; x_wconf 86' lang='lat' dir='ltr'>equibus</span> <span class='ocrx_word' id='word_1_33' title='bbox 668 1222 744 1292; x_wconf 84' lang='lat' dir='ltr'>pars</span> <span class='ocrx_word' id='word_1_34' title='bbox 762 1196 797 1268; x_wconf 94' lang='lat' dir='ltr'>in</span> <span class='ocrx_word' id='word_1_35' title='bbox 819 1199 956 1270; x_wconf 68' lang='lat' dir='ltr'>colonia</span> <span class='ocrx_word' id='word_1_36' title='bbox 972 1197 1196 1296; x_wconf 84' lang='lat' dir='ltr'>Forojuliensr</span> 
     </span>
     <span class='ocr_line' id='line_1_7' title="bbox 215 1314 1192 1410; baseline 0.001 -21"><span class='ocrx_word' id='word_1_37' title='bbox 215 1336 360 1404; x_wconf 87' lang='lat' dir='ltr'>retenta,</span> <span class='ocrx_word' id='word_1_38' title='bbox 383 1340 440 1404; x_wconf 91' lang='lat' dir='ltr'>ne,</span> <span class='ocrx_word' id='word_1_39' title='bbox 465 1314 628 1389; x_wconf 91' lang='lat' dir='ltr'>omnibus</span> <span class='ocrx_word' id='word_1_40' title='bbox 646 1315 754 1410; x_wconf 86' lang='lat' dir='ltr'>copiis</span> <span class='ocrx_word' id='word_1_41' title='bbox 772 1315 806 1386; x_wconf 93' lang='lat' dir='ltr'>in</span> <span class='ocrx_word' id='word_1_42' title='bbox 822 1315 975 1389; x_wconf 86' lang='lat' dir='ltr'>terrestre</span> <span class='ocrx_word' id='word_1_43' title='bbox 992 1317 1054 1389; x_wconf 92' lang='lat' dir='ltr'>iter</span> <span class='ocrx_word' id='word_1_44' title='bbox 1078 1322 1192 1408; x_wconf 82' lang='lat' dir='ltr'>versis,</span> 
     </span>
     <span class='ocr_line' id='line_1_8' title="bbox 217 1434 1194 1532; baseline -0.002 -22"><span class='ocrx_word' id='word_1_45' title='bbox 217 1460 330 1510; x_wconf 82' lang='lat' dir='ltr'>vacuo</span> <span class='ocrx_word' id='word_1_46' title='bbox 359 1434 443 1507; x_wconf 88' lang='lat' dir='ltr'>mari</span> <span class='ocrx_word' id='word_1_47' title='bbox 470 1437 576 1508; x_wconf 87' lang='lat' dir='ltr'>classis</span> <span class='ocrx_word' id='word_1_48' title='bbox 599 1435 822 1519; x_wconf 76' lang='lat' dir='ltr'>adceleraret.</span> <span class='ocrx_word' id='word_1_49' title='bbox 872 1435 1071 1508; x_wconf 90' lang='lat' dir='ltr'>Duodecim</span> <span class='ocrx_word' id='word_1_50' title='bbox 1095 1436 1194 1532; x_wconf 90' lang='lat' dir='ltr'>equi-</span> 
     </span>
     <span class='ocr_line' id='line_1_9' title="bbox 217 1553 1195 1643; baseline 0 -15"><span class='ocrx_word' id='word_1_51' title='bbox 217 1574 294 1628; x_wconf 91' lang='lat' dir='ltr'>turn</span> <span class='ocrx_word' id='word_1_52' title='bbox 312 1574 449 1643; x_wconf 88' lang='lat' dir='ltr'>turmae,</span> <span class='ocrx_word' id='word_1_53' title='bbox 468 1558 501 1627; x_wconf 89' lang='lat'>&amp;</span> <span class='ocrx_word' id='word_1_54' title='bbox 520 1553 598 1626; x_wconf 73' lang='lat' dir='ltr'>letti</span> <span class='ocrx_word' id='word_1_55' title='bbox 615 1578 634 1625; x_wconf 91' lang='lat' dir='ltr'>e</span> <span class='ocrx_word' id='word_1_56' title='bbox 651 1553 862 1643; x_wconf 85' lang='lat' dir='ltr'>cohortibus,</span> <span class='ocrx_word' id='word_1_57' title='bbox 880 1555 1044 1627; x_wconf 82' lang='lat' dir='ltr'>adversirs</span> <span class='ocrx_word' id='word_1_58' title='bbox 1060 1555 1195 1629; x_wconf 87' lang='lat' dir='ltr'>hostem</span> 
     </span>
     <span class='ocr_line' id='line_1_10' title="bbox 218 1669 1196 1769; baseline 0.002 -24"><span class='ocrx_word' id='word_1_59' title='bbox 218 1673 311 1746; x_wconf 61' lang='lat' dir='ltr'>idere:</span> <span class='ocrx_word' id='word_1_60' title='bbox 335 1672 461 1769; x_wconf 92' lang='lat' dir='ltr'>quibus</span> <span class='ocrx_word' id='word_1_61' title='bbox 477 1669 637 1768; x_wconf 70' lang='lat' dir='ltr'>adjundta</span> <span class='ocrx_word' id='word_1_62' title='bbox 654 1672 833 1769; x_wconf 82' lang='lat' dir='ltr'>Ligurum</span> <span class='ocrx_word' id='word_1_63' title='bbox 856 1674 993 1762; x_wconf 91' lang='lat' dir='ltr'>cohors,</span> <span class='ocrx_word' id='word_1_64' title='bbox 1012 1695 1110 1746; x_wconf 87' lang='lat' dir='ltr'>vetus</span> <span class='ocrx_word' id='word_1_65' title='bbox 1128 1674 1196 1748; x_wconf 89' lang='lat' dir='ltr'>loci</span> 
     </span>
     <span class='ocr_line' id='line_1_11' title="bbox 219 1790 1196 1888; baseline 0.003 -23"><span class='ocrx_word' id='word_1_66' title='bbox 219 1791 405 1880; x_wconf 86' lang='lat' dir='ltr'>auxilium,</span> <span class='ocrx_word' id='word_1_67' title='bbox 440 1795 474 1863; x_wconf 77' lang='grc' dir='ltr'>δι</span> <span class='ocrx_word' id='word_1_68' title='bbox 515 1790 695 1888; x_wconf 82' lang='lat' dir='ltr'>quingenti</span> <span class='ocrx_word' id='word_1_69' title='bbox 726 1792 897 1864; x_wconf 88' lang='lat' dir='ltr'>Pannonii</span> <span class='ocrx_word' id='word_1_70' title='bbox 942 1795 1100 1868; x_wconf 92' lang='lat' dir='ltr'>nondum</span> <span class='ocrx_word' id='word_1_71' title='bbox 1134 1794 1196 1868; x_wconf 92' lang='lat' dir='ltr'>sub</span> 
     </span>
     <span class='ocr_line' id='line_1_12' title="bbox 220 1909 1193 2009; baseline 0.003 -25"><span class='ocrx_word' id='word_1_72' title='bbox 220 1911 335 2009; x_wconf 84' lang='lat' dir='ltr'>fignis.</span> <span class='ocrx_word' id='word_1_73' title='bbox 384 1910 462 1985; x_wconf 91' lang='lat' dir='ltr'>Nec</span> <span class='ocrx_word' id='word_1_74' title='bbox 488 1934 583 1982; x_wconf 89' lang='lat' dir='ltr'>tnora</span> <span class='ocrx_word' id='word_1_75' title='bbox 600 1909 744 2006; x_wconf 89' lang='lat' dir='ltr'>proelio:</span> <span class='ocrx_word' id='word_1_76' title='bbox 774 1909 831 1982; x_wconf 89' lang='lat' dir='ltr'>sed</span> <span class='ocrx_word' id='word_1_77' title='bbox 849 1910 922 1984; x_wconf 87' lang='lat' dir='ltr'>acie</span> <span class='ocrx_word' id='word_1_78' title='bbox 948 1911 994 1986; x_wconf 91' lang='lat' dir='ltr'>ita</span> <span class='ocrx_word' id='word_1_79' title='bbox 1018 1912 1193 2003; x_wconf 68' lang='lat' dir='ltr'>instatere,</span> 
     </span>
     <span class='ocr_line' id='line_1_13' title="bbox 219 2017 1196 2128; baseline 0.002 -24"><span class='ocrx_word' id='word_1_80' title='bbox 219 2050 258 2104; x_wconf 91' lang='lat' dir='ltr'>ut</span> <span class='ocrx_word' id='word_1_81' title='bbox 276 2056 352 2128; x_wconf 90' lang='lat' dir='ltr'>pars</span> <span class='ocrx_word' id='word_1_82' title='bbox 368 2031 581 2102; x_wconf 82' lang='lat' dir='ltr'>classicorum</span> <span class='ocrx_word' id='word_1_83' title='bbox 586 2084 596 2117; x_wconf 91' lang='lat'>,</span> <span class='ocrx_word' id='word_1_84' title='bbox 621 2029 738 2102; x_wconf 85' lang='lat' dir='ltr'>mixtis</span> <span class='ocrx_word' id='word_1_85' title='bbox 755 2029 908 2126; x_wconf 84' lang='lat' dir='ltr'>paganis,</span> <span class='ocrx_word' id='word_1_86' title='bbox 935 2017 971 2102; x_wconf 89' lang='lat' dir='ltr'>in</span> <span class='ocrx_word' id='word_1_87' title='bbox 988 2033 1092 2105; x_wconf 84' lang='lat' dir='ltr'>colles</span> <span class='ocrx_word' id='word_1_88' title='bbox 1109 2032 1196 2106; x_wconf 89' lang='lat' dir='ltr'>mari</span> 
     </span>
     <span class='ocr_line' id='line_1_14' title="bbox 221 2146 1196 2246; baseline 0.003 -25"><span class='ocrx_word' id='word_1_89' title='bbox 221 2149 438 2246; x_wconf 88' lang='lat' dir='ltr'>propinquos</span> <span class='ocrx_word' id='word_1_90' title='bbox 466 2146 677 2246; x_wconf 85' lang='lat' dir='ltr'>exsurgeret,</span> <span class='ocrx_word' id='word_1_91' title='bbox 707 2169 878 2245; x_wconf 90' lang='lat' dir='ltr'>quantum</span> <span class='ocrx_word' id='word_1_92' title='bbox 906 2150 995 2223; x_wconf 89' lang='lat' dir='ltr'>inter</span> <span class='ocrx_word' id='word_1_93' title='bbox 1023 2153 1127 2224; x_wconf 86' lang='lat' dir='ltr'>colles</span> <span class='ocrx_word' id='word_1_94' title='bbox 1156 2177 1196 2225; x_wconf 90' lang='lat' dir='ltr'>ac</span> 
     </span>
     <span class='ocr_line' id='line_1_15' title="bbox 220 2267 1198 2368; baseline 0.004 -28"><span class='ocrx_word' id='word_1_95' title='bbox 220 2269 302 2341; x_wconf 88' lang='lat' dir='ltr'>litus</span> <span class='ocrx_word' id='word_1_96' title='bbox 336 2267 427 2364; x_wconf 86' lang='lat' dir='ltr'>aequi</span> <span class='ocrx_word' id='word_1_97' title='bbox 456 2267 539 2357; x_wconf 86' lang='lat' dir='ltr'>loci,</span> <span class='ocrx_word' id='word_1_98' title='bbox 575 2267 798 2365; x_wconf 76' lang='lat' dir='ltr'>praetorianus</span> <span class='ocrx_word' id='word_1_99' title='bbox 832 2269 931 2343; x_wconf 90' lang='lat' dir='ltr'>miles</span> <span class='ocrx_word' id='word_1_100' title='bbox 963 2273 1130 2368; x_wconf 84' lang='lat' dir='ltr'>expleret,</span> <span class='ocrx_word' id='word_1_101' title='bbox 1160 2270 1198 2344; x_wconf 90' lang='lat' dir='ltr'>in</span> 
     </span>
     <span class='ocr_line' id='line_1_16' title="bbox 220 2386 1197 2487; baseline 0.004 -28"><span class='ocrx_word' id='word_1_102' title='bbox 220 2386 292 2486; x_wconf 87' lang='lat' dir='ltr'>ipso</span> <span class='ocrx_word' id='word_1_103' title='bbox 308 2386 394 2460; x_wconf 89' lang='lat' dir='ltr'>mari</span> <span class='ocrx_word' id='word_1_104' title='bbox 409 2405 447 2460; x_wconf 92' lang='lat' dir='ltr'>ut</span> <span class='ocrx_word' id='word_1_105' title='bbox 462 2388 599 2459; x_wconf 83' lang='lat' dir='ltr'>adnexa</span> <span class='ocrx_word' id='word_1_106' title='bbox 624 2389 730 2461; x_wconf 73' lang='lat' dir='ltr'>classis</span> <span class='ocrx_word' id='word_1_107' title='bbox 754 2392 787 2460; x_wconf 73' lang='grc' dir='ltr'>ὅτ</span> <span class='ocrx_word' id='word_1_108' title='bbox 813 2414 939 2486; x_wconf 85' lang='lat' dir='ltr'>pugnae</span> <span class='ocrx_word' id='word_1_109' title='bbox 958 2411 1088 2487; x_wconf 89' lang='lat' dir='ltr'>parata,</span> <span class='ocrx_word' id='word_1_110' title='bbox 1113 2417 1197 2463; x_wconf 88' lang='lat' dir='ltr'>con·</span> 
     </span>
     <span class='ocr_line' id='line_1_17' title="bbox 221 2503 1196 2603; baseline 0.005 -25"><span class='ocrx_word' id='word_1_111' title='bbox 221 2508 334 2596; x_wconf 67' lang='lat' dir='ltr'>versi,</span> <span class='ocrx_word' id='word_1_112' title='bbox 364 2509 397 2578; x_wconf 77' lang='grc' dir='ltr'>δι</span> <span class='ocrx_word' id='word_1_113' title='bbox 427 2504 554 2578; x_wconf 89' lang='lat' dir='ltr'>minaci</span> <span class='ocrx_word' id='word_1_114' title='bbox 577 2503 689 2578; x_wconf 86' lang='lat' dir='ltr'>fronte</span> <span class='ocrx_word' id='word_1_115' title='bbox 713 2509 992 2603; x_wconf 78' lang='lat' dir='ltr'>praetenderetur.</span> <span class='ocrx_word' id='word_1_116' title='bbox 1043 2509 1196 2583; x_wconf 91' lang='lat' dir='ltr'>Vitellia·</span> 
     </span>
     <span class='ocr_line' id='line_1_18' title="bbox 221 2624 1195 2724; baseline 0.006 -28"><span class='ocrx_word' id='word_1_117' title='bbox 221 2624 272 2714; x_wconf 91' lang='lat' dir='ltr'>ni,</span> <span class='ocrx_word' id='word_1_118' title='bbox 300 2624 426 2722; x_wconf 91' lang='lat' dir='ltr'>quibus</span> <span class='ocrx_word' id='word_1_119' title='bbox 455 2624 568 2697; x_wconf 92' lang='lat' dir='ltr'>minor</span> <span class='ocrx_word' id='word_1_120' title='bbox 596 2624 753 2721; x_wconf 87' lang='lat' dir='ltr'>peditum</span> <span class='ocrx_word' id='word_1_121' title='bbox 780 2625 845 2716; x_wconf 89' lang='lat' dir='ltr'>vis,</span> <span class='ocrx_word' id='word_1_122' title='bbox 870 2627 906 2699; x_wconf 92' lang='lat' dir='ltr'>in</span> <span class='ocrx_word' id='word_1_123' title='bbox 931 2627 1047 2724; x_wconf 90' lang='lat' dir='ltr'>equite</span> <span class='ocrx_word' id='word_1_124' title='bbox 1073 2631 1195 2720; x_wconf 92' lang='lat' dir='ltr'>robur,</span> 
     </span>
     <span class='ocr_line' id='line_1_19' title="bbox 223 2742 1197 2842; baseline 0.001 -23"><span class='ocrx_word' id='word_1_125' title='bbox 223 2743 375 2842; x_wconf 80' lang='lat' dir='ltr'>Alpinos</span> <span class='ocrx_word' id='word_1_126' title='bbox 394 2743 561 2841; x_wconf 84' lang='lat' dir='ltr'>proximis</span> <span class='ocrx_word' id='word_1_127' title='bbox 576 2742 685 2841; x_wconf 76' lang='lat' dir='ltr'>jugiS,</span> <span class='ocrx_word' id='word_1_128' title='bbox 713 2745 869 2818; x_wconf 88' lang='lat' dir='ltr'>cohortes</span> <span class='ocrx_word' id='word_1_129' title='bbox 890 2747 1000 2818; x_wconf 83' lang='lat' dir='ltr'>densis</span> <span class='ocrx_word' id='word_1_130' title='bbox 1020 2747 1197 2821; x_wconf 84' lang='lat' dir='ltr'>ordinibus</span> 
     </span>
     <span class='ocr_line' id='line_1_20' title="bbox 223 2862 1204 2960; baseline 0.004 -24"><span class='ocrx_word' id='word_1_131' title='bbox 223 2863 298 2960; x_wconf 89' lang='lat' dir='ltr'>post</span> <span class='ocrx_word' id='word_1_132' title='bbox 322 2862 475 2959; x_wconf 90' lang='lat' dir='ltr'>equitem</span> <span class='ocrx_word' id='word_1_133' title='bbox 505 2864 633 2935; x_wconf 84' lang='lat' dir='ltr'>locant.</span> <span class='ocrx_word' id='word_1_134' title='bbox 684 2864 921 2937; x_wconf 88' lang='lat' dir='ltr'>Treverorum</span> <span class='ocrx_word' id='word_1_135' title='bbox 949 2887 1071 2939; x_wconf 87' lang='lat' dir='ltr'>turmae</span> <span class='ocrx_word' id='word_1_136' title='bbox 1094 2870 1204 2940; x_wconf 79' lang='lat' dir='ltr'>obtu-&#39;</span> 
     </span>
     <span class='ocr_line' id='line_1_21' title="bbox 223 2980 1198 3079; baseline 0.002 -23"><span class='ocrx_word' id='word_1_137' title='bbox 223 2985 292 3056; x_wconf 71' lang='lat' dir='ltr'>ldre</span> <span class='ocrx_word' id='word_1_138' title='bbox 319 2980 353 3054; x_wconf 86' lang='lat' dir='ltr'>se</span> <span class='ocrx_word' id='word_1_139' title='bbox 373 2981 462 3055; x_wconf 90' lang='lat' dir='ltr'>hosti</span> <span class='ocrx_word' id='word_1_140' title='bbox 489 2980 637 3070; x_wconf 72' lang='lat' dir='ltr'>incaute,</span> <span class='ocrx_word' id='word_1_141' title='bbox 665 2983 747 3054; x_wconf 80' lang='lat' dir='ltr'>cirm</span> <span class='ocrx_word' id='word_1_142' title='bbox 768 2983 943 3079; x_wconf 85' lang='lat' dir='ltr'>exciperet</span> <span class='ocrx_word' id='word_1_143' title='bbox 965 2987 1087 3057; x_wconf 68' lang='lat' dir='ltr'>contri</span> <span class='ocrx_word' id='word_1_144' title='bbox 1103 3007 1198 3058; x_wconf 89' lang='lat' dir='ltr'>vete-</span> 
     </span>
     <span class='ocr_line' id='line_1_22' title="bbox 223 3099 1199 3200; baseline 0.003 -25"><span class='ocrx_word' id='word_1_145' title='bbox 223 3116 324 3175; x_wconf 83' lang='lat' dir='ltr'>ran&#39;us</span> <span class='ocrx_word' id='word_1_146' title='bbox 354 3099 466 3190; x_wconf 90' lang='lat' dir='ltr'>miles,</span> <span class='ocrx_word' id='word_1_147' title='bbox 494 3102 591 3173; x_wconf 79' lang='lat' dir='ltr'>simul</span> <span class='ocrx_word' id='word_1_148' title='bbox 613 3125 634 3171; x_wconf 90' lang='lat' dir='ltr'>a</span> <span class='ocrx_word' id='word_1_149' title='bbox 657 3102 760 3174; x_wconf 88' lang='lat' dir='ltr'>latere</span> <span class='ocrx_word' id='word_1_150' title='bbox 777 3101 863 3174; x_wconf 88' lang='lat' dir='ltr'>saxis</span> <span class='ocrx_word' id='word_1_151' title='bbox 889 3124 1026 3199; x_wconf 86' lang='lat' dir='ltr'>urgeret</span> <span class='ocrx_word' id='word_1_152' title='bbox 1049 3124 1130 3200; x_wconf 90' lang='lat' dir='ltr'>apta</span> <span class='ocrx_word' id='word_1_153' title='bbox 1154 3107 1199 3178; x_wconf 89' lang='lat' dir='ltr'>ad</span> 
     </span>
     <span class='ocr_line' id='line_1_23' title="bbox 216 3219 1198 3320; baseline 0.001 -26"><span class='ocrx_word' id='word_1_154' title='bbox 216 3219 420 3320; x_wconf 88' lang='lat' dir='ltr'>jaciendum</span> <span class='ocrx_word' id='word_1_155' title='bbox 443 3219 547 3292; x_wconf 89' lang='lat' dir='ltr'>etiam</span> <span class='ocrx_word' id='word_1_156' title='bbox 580 3245 795 3318; x_wconf 83' lang='lat' dir='ltr'>paganorum</span> <span class='ocrx_word' id='word_1_157' title='bbox 824 3246 969 3293; x_wconf 90' lang='lat' dir='ltr'>manus:</span> <span class='ocrx_word' id='word_1_158' title='bbox 1013 3223 1073 3319; x_wconf 93' lang='lat' dir='ltr'>qui</span> <span class='ocrx_word' id='word_1_159' title='bbox 1100 3221 1198 3318; x_wconf 83' lang='lat' dir='ltr'>sparsi</span> 
     </span>
     <span class='ocr_line' id='line_1_24' title="bbox 224 3337 1198 3435; baseline 0.003 -22"><span class='ocrx_word' id='word_1_160' title='bbox 224 3339 310 3425; x_wconf 86' lang='lat' dir='ltr'>inter</span> <span class='ocrx_word' id='word_1_161' title='bbox 337 3337 477 3429; x_wconf 90' lang='lat' dir='ltr'>milites,</span> <span class='ocrx_word' id='word_1_162' title='bbox 507 3338 630 3410; x_wconf 89' lang='lat' dir='ltr'>strenui</span> <span class='ocrx_word' id='word_1_163' title='bbox 658 3337 847 3435; x_wconf 84' lang='lat' dir='ltr'>ignavique</span> <span class='ocrx_word' id='word_1_164' title='bbox 874 3339 910 3410; x_wconf 94' lang='lat' dir='ltr'>in</span> <span class='ocrx_word' id='word_1_165' title='bbox 933 3340 1076 3414; x_wconf 68' lang='lat' dir='ltr'>vietorih</span> <span class='ocrx_word' id='word_1_166' title='bbox 1104 3341 1198 3416; x_wconf 86' lang='lat' dir='ltr'>idem</span> 
     </span>
     <span class='ocr_line' id='line_1_25' title="bbox 222 3457 1196 3554; baseline -0.002 -19"><span class='ocrx_word' id='word_1_167' title='bbox 222 3460 408 3535; x_wconf 85' lang='lat' dir='ltr'>audebant.</span> <span class='ocrx_word' id='word_1_168' title='bbox 467 3457 622 3531; x_wconf 84' lang='lat' dir='ltr'>Additus</span> <span class='ocrx_word' id='word_1_169' title='bbox 656 3460 813 3554; x_wconf 79' lang='lat' dir='ltr'>perculsis</span> <span class='ocrx_word' id='word_1_170' title='bbox 844 3477 964 3546; x_wconf 89' lang='lat' dir='ltr'>terror,</span> <span class='ocrx_word' id='word_1_171' title='bbox 998 3459 1133 3532; x_wconf 62' lang='lat' dir='ltr'>inverti</span> <span class='ocrx_word' id='word_1_172' title='bbox 1161 3460 1196 3534; x_wconf 92' lang='lat' dir='ltr'>in</span> 
     </span>
     <span class='ocr_line' id='line_1_26' title="bbox 223 3576 1196 3676; baseline 0.002 -25"><span class='ocrx_word' id='word_1_173' title='bbox 223 3597 322 3676; x_wconf 86' lang='lat' dir='ltr'>terga</span> <span class='ocrx_word' id='word_1_174' title='bbox 355 3577 587 3675; x_wconf 87' lang='lat' dir='ltr'>pugnantium</span> <span class='ocrx_word' id='word_1_175' title='bbox 620 3579 730 3651; x_wconf 83' lang='lat' dir='ltr'>claffe.</span> <span class='ocrx_word' id='word_1_176' title='bbox 793 3579 846 3648; x_wconf 93' lang='lat' dir='ltr'>Ita</span> <span class='ocrx_word' id='word_1_177' title='bbox 885 3576 1040 3673; x_wconf 91' lang='lat' dir='ltr'>undique</span> <span class='ocrx_word' id='word_1_178' title='bbox 1072 3581 1196 3653; x_wconf 82' lang='lat' dir='ltr'>clausi:</span> 
     </span>
     <span class='ocr_line' id='line_1_27' title="bbox 223 3694 1197 3794; baseline 0 -24"><span class='ocrx_word' id='word_1_179' title='bbox 223 3699 417 3794; x_wconf 83' lang='lat' dir='ltr'>deletaeque</span> <span class='ocrx_word' id='word_1_180' title='bbox 439 3723 560 3770; x_wconf 89' lang='lat' dir='ltr'>omnes</span> <span class='ocrx_word' id='word_1_181' title='bbox 576 3697 686 3794; x_wconf 88' lang='lat' dir='ltr'>copiae</span> <span class='ocrx_word' id='word_1_182' title='bbox 707 3695 834 3785; x_wconf 80' lang='lat' dir='ltr'>forent,</span> <span class='ocrx_word' id='word_1_183' title='bbox 861 3694 895 3767; x_wconf 92' lang='lat' dir='ltr'>ni</span> <span class='ocrx_word' id='word_1_184' title='bbox 912 3694 1077 3768; x_wconf 67' lang='lat' dir='ltr'>vidorem</span> <span class='ocrx_word' id='word_1_185' title='bbox 1101 3724 1197 3770; x_wconf 86' lang='lat' dir='ltr'>exer·</span> 
     </span>
     <span class='ocr_line' id='line_1_28' title="bbox 225 3813 1197 3916; baseline 0 -26"><span class='ocrx_word' id='word_1_186' title='bbox 225 3815 336 3891; x_wconf 85' lang='lat' dir='ltr'>eitum</span> <span class='ocrx_word' id='word_1_187' title='bbox 362 3815 548 3890; x_wconf 83' lang='lat' dir='ltr'>attinuiss&#39;et</span> <span class='ocrx_word' id='word_1_188' title='bbox 572 3815 753 3891; x_wconf 91' lang='lat' dir='ltr'>obscurum</span> <span class='ocrx_word' id='word_1_189' title='bbox 779 3813 902 3905; x_wconf 70' lang='lat' dir='ltr'>noetis,</span> <span class='ocrx_word' id='word_1_190' title='bbox 927 3815 1084 3890; x_wconf 91' lang='lat' dir='ltr'>obtentui</span> <span class='ocrx_word' id='word_1_191' title='bbox 1106 3816 1197 3916; x_wconf 88' lang='lat' dir='ltr'>fugi-</span> 
     </span>
     <span class='ocr_line' id='line_1_29' title="bbox 226 3934 375 4013; baseline 0.007 -2"><span class='ocrx_word' id='word_1_192' title='bbox 226 3934 375 4013; x_wconf 80' lang='lat' dir='ltr'>entibus.</span> 
     </span>
    </p>
   </div>
   <div class='ocr_carea' id='block_1_3' title="bbox 0 0 1519 5144">
    <p class='ocr_par' dir='ltr' id='par_1_3' title="bbox 0 0 1519 5144">
     <span class='ocr_line' id='line_1_30' title="bbox 0 0 1519 5144; baseline 0 0"><span class='ocrx_word' id='word_1_193' title='bbox 0 0 1519 5144; x_wconf 95' lang='lat' dir='ltr'> </span> 
     </span>
    </p>
   </div>
  </div>
 </body>
</html>
