<?xml version="1.0" encoding="UTF-8"?>
<!DOCTYPE html PUBLIC "-//W3C//DTD XHTML 1.0 Transitional//EN"
    "http://www.w3.org/TR/xhtml1/DTD/xhtml1-transitional.dtd">
<html xmlns="http://www.w3.org/1999/xhtml" xml:lang="en" lang="en">
 <head>
  <title>
</title>
<meta http-equiv="Content-Type" content="text/html;charset=utf-8" />
  <meta name='ocr-system' content='tesseract 3.04.00' />
  <meta name='ocr-capabilities' content='ocr_page ocr_carea ocr_par ocr_line ocrx_word'/>
</head>
<body>
  <div class='ocr_page' id='page_1' title='image "./ccorneliitaciti02ernegoog_0309.png"; bbox 0 0 3000 5144; ppageno 0'>
   <div class='ocr_carea' id='block_1_1' title="bbox 429 508 1223 604">
    <p class='ocr_par' dir='ltr' id='par_1_1' title="bbox 429 508 1223 604">
     <span class='ocr_line' id='line_1_1' title="bbox 429 508 1223 604; baseline -0.004 -19"><span class='ocrx_word' id='word_1_1' title='bbox 429 512 827 586; x_wconf 81' lang='lat' dir='ltr'>H1snon1n1tunr</span> <span class='ocrx_word' id='word_1_2' title='bbox 860 508 1059 580; x_wconf 80' lang='lat' dir='ltr'>Laan.</span> <span class='ocrx_word' id='word_1_3' title='bbox 1158 532 1223 604; x_wconf 84' lang='lat'>301</span> 
     </span>
    </p>
   </div>
   <div class='ocr_carea' id='block_1_2' title="bbox 263 681 1229 1720">
    <p class='ocr_par' dir='ltr' id='par_1_2' title="bbox 263 681 1229 1720">
     <span class='ocr_line' id='line_1_2' title="bbox 263 681 1226 781; baseline -0.002 -28"><span class='ocrx_word' id='word_1_4' title='bbox 263 681 307 754; x_wconf 89' lang='lat' dir='ltr'>tis</span> <span class='ocrx_word' id='word_1_5' title='bbox 322 683 496 772; x_wconf 80' lang='lat' dir='ltr'>Tribocis,</span> <span class='ocrx_word' id='word_1_6' title='bbox 510 684 812 781; x_wconf 83' lang='lat' dir='ltr'>Vangionibusque</span> <span class='ocrx_word' id='word_1_7' title='bbox 829 686 862 753; x_wconf 85' lang='lat'>&amp;</span> <span class='ocrx_word' id='word_1_8' title='bbox 877 683 1118 756; x_wconf 86' lang='lat' dir='ltr'>Caeracatibus.</span> <span class='ocrx_word' id='word_1_9' title='bbox 1151 682 1226 752; x_wconf 91' lang='lat' dir='ltr'>Tu-</span> 
     </span>
     <span class='ocr_line' id='line_1_3' title="bbox 264 799 1226 896; baseline 0 -26"><span class='ocrx_word' id='word_1_10' title='bbox 264 819 330 888; x_wconf 94' lang='lat' dir='ltr'>tor,</span> <span class='ocrx_word' id='word_1_11' title='bbox 366 803 527 874; x_wconf 78' lang='lat' dir='ltr'>Treveris</span> <span class='ocrx_word' id='word_1_12' title='bbox 557 802 812 890; x_wconf 86' lang='lat' dir='ltr'>comitantibus,</span> <span class='ocrx_word' id='word_1_13' title='bbox 846 801 951 872; x_wconf 89' lang='lat' dir='ltr'>vitato</span> <span class='ocrx_word' id='word_1_14' title='bbox 983 799 1226 896; x_wconf 87' lang='lat' dir='ltr'>Mogontiaco,</span> 
     </span>
     <span class='ocr_line' id='line_1_4' title="bbox 264 917 1228 1015; baseline 0 -27"><span class='ocrx_word' id='word_1_15' title='bbox 264 917 424 1015; x_wconf 85' lang='lat' dir='ltr'>Bingium</span> <span class='ocrx_word' id='word_1_16' title='bbox 443 922 614 1007; x_wconf 81' lang='lat' dir='ltr'>concessit,</span> <span class='ocrx_word' id='word_1_17' title='bbox 629 921 738 991; x_wconf 89' lang='lat' dir='ltr'>fidens</span> <span class='ocrx_word' id='word_1_18' title='bbox 756 922 845 1005; x_wconf 89' lang='lat' dir='ltr'>loc0,</span> <span class='ocrx_word' id='word_1_19' title='bbox 864 917 945 1014; x_wconf 89' lang='lat' dir='ltr'>quia</span> <span class='ocrx_word' id='word_1_20' title='bbox 961 938 1101 1012; x_wconf 90' lang='lat' dir='ltr'>pontem</span> <span class='ocrx_word' id='word_1_21' title='bbox 1116 920 1228 989; x_wconf 87' lang='lat' dir='ltr'>Navae</span> 
     </span>
     <span class='ocr_line' id='line_1_5' title="bbox 265 1035 1229 1133; baseline 0 -26"><span class='ocrx_word' id='word_1_22' title='bbox 265 1036 417 1108; x_wconf 81' lang='lat' dir='ltr'>fluminis</span> <span class='ocrx_word' id='word_1_23' title='bbox 444 1041 648 1133; x_wconf 86' lang='lat' dir='ltr'>abruperat:</span> <span class='ocrx_word' id='word_1_24' title='bbox 676 1037 731 1109; x_wconf 92' lang='lat' dir='ltr'>sed</span> <span class='ocrx_word' id='word_1_25' title='bbox 757 1035 890 1108; x_wconf 92' lang='lat' dir='ltr'>incursu</span> <span class='ocrx_word' id='word_1_26' title='bbox 908 1035 1115 1122; x_wconf 86' lang='lat' dir='ltr'>cohortium,</span> <span class='ocrx_word' id='word_1_27' title='bbox 1145 1061 1229 1131; x_wconf 88' lang='lat' dir='ltr'>quas</span> 
     </span>
     <span class='ocr_line' id='line_1_6' title="bbox 265 1149 1228 1250; baseline -0.001 -25"><span class='ocrx_word' id='word_1_28' title='bbox 265 1154 424 1226; x_wconf 86' lang='lat' dir='ltr'>Sextilius</span> <span class='ocrx_word' id='word_1_29' title='bbox 441 1156 602 1244; x_wconf 90' lang='lat' dir='ltr'>ducebat,</span> <span class='ocrx_word' id='word_1_30' title='bbox 628 1160 661 1226; x_wconf 86' lang='lat'>&amp;</span> <span class='ocrx_word' id='word_1_31' title='bbox 681 1175 813 1250; x_wconf 86' lang='lat' dir='ltr'>reperto</span> <span class='ocrx_word' id='word_1_32' title='bbox 831 1155 934 1242; x_wconf 87' lang='lat' dir='ltr'>vado,</span> <span class='ocrx_word' id='word_1_33' title='bbox 957 1152 1108 1247; x_wconf 90' lang='lat' dir='ltr'>proditus</span> <span class='ocrx_word' id='word_1_34' title='bbox 1125 1149 1228 1224; x_wconf 77' lang='lat' dir='ltr'>susus·</span> 
     </span>
     <span class='ocr_line' id='line_1_7' title="bbox 268 1271 1229 1368; baseline -0.002 -24"><span class='ocrx_word' id='word_1_35' title='bbox 268 1296 347 1367; x_wconf 90' lang='lat' dir='ltr'>que.</span> <span class='ocrx_word' id='word_1_36' title='bbox 392 1276 443 1344; x_wconf 76' lang='lat' dir='ltr'>Ea</span> <span class='ocrx_word' id='word_1_37' title='bbox 458 1274 555 1344; x_wconf 90' lang='lat' dir='ltr'>clade</span> <span class='ocrx_word' id='word_1_38' title='bbox 568 1276 707 1368; x_wconf 82' lang='lat' dir='ltr'>perculsi</span> <span class='ocrx_word' id='word_1_39' title='bbox 719 1272 859 1344; x_wconf 89' lang='lat' dir='ltr'>Treveri</span> <span class='ocrx_word' id='word_1_40' title='bbox 874 1301 884 1357; x_wconf 84' lang='lat'>3</span> <span class='ocrx_word' id='word_1_41' title='bbox 910 1275 943 1343; x_wconf 75' lang='grc' dir='ltr'>δι</span> <span class='ocrx_word' id='word_1_42' title='bbox 959 1273 1087 1367; x_wconf 89' lang='lat' dir='ltr'>plebes,</span> <span class='ocrx_word' id='word_1_43' title='bbox 1104 1271 1229 1342; x_wconf 75' lang='lat' dir='ltr'>omissas</span> 
     </span>
     <span class='ocr_line' id='line_1_8' title="bbox 263 1388 1229 1487; baseline 0 -26"><span class='ocrx_word' id='word_1_44' title='bbox 263 1389 380 1477; x_wconf 84' lang='lat' dir='ltr'>armis,</span> <span class='ocrx_word' id='word_1_45' title='bbox 411 1415 472 1485; x_wconf 95' lang='lat' dir='ltr'>per</span> <span class='ocrx_word' id='word_1_46' title='bbox 494 1416 595 1487; x_wconf 89' lang='lat' dir='ltr'>agros</span> <span class='ocrx_word' id='word_1_47' title='bbox 612 1393 764 1484; x_wconf 90' lang='lat' dir='ltr'>palatur:</span> <span class='ocrx_word' id='word_1_48' title='bbox 792 1391 934 1485; x_wconf 89' lang='lat' dir='ltr'>quidam</span> <span class='ocrx_word' id='word_1_49' title='bbox 957 1388 1161 1483; x_wconf 87' lang='lat' dir='ltr'>principum,</span> <span class='ocrx_word' id='word_1_50' title='bbox 1189 1411 1229 1461; x_wconf 92' lang='lat' dir='ltr'>ut</span> 
     </span>
     <span class='ocr_line' id='line_1_9' title="bbox 265 1505 1227 1603; baseline 0.001 -25"><span class='ocrx_word' id='word_1_51' title='bbox 265 1507 368 1602; x_wconf 92' lang='lat' dir='ltr'>primi</span> <span class='ocrx_word' id='word_1_52' title='bbox 387 1506 529 1602; x_wconf 80' lang='lat' dir='ltr'>posuisse</span> <span class='ocrx_word' id='word_1_53' title='bbox 544 1510 674 1580; x_wconf 91' lang='lat' dir='ltr'>bellum</span> <span class='ocrx_word' id='word_1_54' title='bbox 693 1509 903 1596; x_wconf 90' lang='lat' dir='ltr'>viderentur,</span> <span class='ocrx_word' id='word_1_55' title='bbox 921 1506 956 1576; x_wconf 92' lang='lat' dir='ltr'>in</span> <span class='ocrx_word' id='word_1_56' title='bbox 969 1505 1133 1595; x_wconf 88' lang='lat' dir='ltr'>civitates,</span> <span class='ocrx_word' id='word_1_57' title='bbox 1150 1533 1227 1603; x_wconf 80' lang='lat' dir='ltr'>quae</span> 
     </span>
     <span class='ocr_line' id='line_1_10' title="bbox 263 1623 1227 1720; baseline -0.002 -23"><span class='ocrx_word' id='word_1_58' title='bbox 263 1623 456 1698; x_wconf 89' lang='lat' dir='ltr'>societatem</span> <span class='ocrx_word' id='word_1_59' title='bbox 472 1630 670 1700; x_wconf 87' lang='lat' dir='ltr'>Romanam</span> <span class='ocrx_word' id='word_1_60' title='bbox 689 1652 758 1697; x_wconf 93' lang='lat' dir='ltr'>non</span> <span class='ocrx_word' id='word_1_61' title='bbox 783 1645 959 1714; x_wconf 82' lang='lat' dir='ltr'>exuerant,</span> <span class='ocrx_word' id='word_1_62' title='bbox 990 1623 1227 1720; x_wconf 89' lang='lat' dir='ltr'>perfugerunt.</span> 
     </span>
    </p>
   </div>
   <div class='ocr_carea' id='block_1_3' title="bbox 264 1742 1332 1839">
    <p class='ocr_par' dir='ltr' id='par_1_3' title="bbox 264 1742 1332 1839">
     <span class='ocr_line' id='line_1_11' title="bbox 264 1742 1332 1839; baseline -0.001 -25"><span class='ocrx_word' id='word_1_63' title='bbox 264 1743 438 1839; x_wconf 87' lang='lat' dir='ltr'>Legiones</span> <span class='ocrx_word' id='word_1_64' title='bbox 465 1770 485 1815; x_wconf 87' lang='lat' dir='ltr'>a</span> <span class='ocrx_word' id='word_1_65' title='bbox 512 1747 664 1816; x_wconf 86' lang='lat' dir='ltr'>Novesro</span> <span class='ocrx_word' id='word_1_66' title='bbox 698 1746 884 1838; x_wconf 76' lang='lat' dir='ltr'>Bonnthue</span> <span class='ocrx_word' id='word_1_67' title='bbox 914 1742 948 1814; x_wconf 94' lang='lat' dir='ltr'>in</span> <span class='ocrx_word' id='word_1_68' title='bbox 973 1744 1156 1829; x_wconf 89' lang='lat' dir='ltr'>Treveros,</span> <span class='ocrx_word' id='word_1_69' title='bbox 1188 1764 1229 1814; x_wconf 89' lang='lat' dir='ltr'>ut</span> <span class='ocrx_word' id='word_1_70' title='bbox 1327 1760 1332 1768; x_wconf 87' lang='lat'>&#39;</span> 
     </span>
    </p>
   </div>
   <div class='ocr_carea' id='block_1_4' title="bbox 263 1859 1229 2525">
    <p class='ocr_par' dir='ltr' id='par_1_4' title="bbox 263 1859 1229 2525">
     <span class='ocr_line' id='line_1_12' title="bbox 264 1859 1229 1955; baseline 0.001 -24"><span class='ocrx_word' id='word_1_71' title='bbox 264 1859 363 1955; x_wconf 75' lang='lat' dir='ltr'>supra</span> <span class='ocrx_word' id='word_1_72' title='bbox 391 1862 672 1950; x_wconf 88' lang='lat' dir='ltr'>memoravimus,</span> <span class='ocrx_word' id='word_1_73' title='bbox 700 1863 878 1948; x_wconf 71' lang='lat' dir='ltr'>traduslae,</span> <span class='ocrx_word' id='word_1_74' title='bbox 903 1860 935 1932; x_wconf 93' lang='lat' dir='ltr'>se</span> <span class='ocrx_word' id='word_1_75' title='bbox 963 1859 1047 1955; x_wconf 90' lang='lat' dir='ltr'>ipsas</span> <span class='ocrx_word' id='word_1_76' title='bbox 1071 1861 1107 1932; x_wconf 93' lang='lat' dir='ltr'>in</span> <span class='ocrx_word' id='word_1_77' title='bbox 1124 1864 1229 1932; x_wconf 85' lang='lat' dir='ltr'>verba</span> 
     </span>
     <span class='ocr_line' id='line_1_13' title="bbox 264 1977 1229 2076; baseline 0 -27"><span class='ocrx_word' id='word_1_78' title='bbox 264 1977 454 2073; x_wconf 79' lang='lat' dir='ltr'>Vespafiani</span> <span class='ocrx_word' id='word_1_79' title='bbox 470 1980 627 2076; x_wconf 83' lang='lat' dir='ltr'>adigunt.</span> <span class='ocrx_word' id='word_1_80' title='bbox 670 1982 776 2067; x_wconf 85' lang='lat' dir='ltr'>Haec,</span> <span class='ocrx_word' id='word_1_81' title='bbox 790 1977 973 2050; x_wconf 89' lang='lat' dir='ltr'>Valentino</span> <span class='ocrx_word' id='word_1_82' title='bbox 989 1977 1136 2068; x_wconf 88' lang='lat' dir='ltr'>absente,</span> <span class='ocrx_word' id='word_1_83' title='bbox 1157 1978 1229 2076; x_wconf 88' lang='lat' dir='ltr'>ges·</span> 
     </span>
     <span class='ocr_line' id='line_1_14' title="bbox 264 2095 1228 2193; baseline -0.001 -25"><span class='ocrx_word' id='word_1_84' title='bbox 264 2115 322 2169; x_wconf 89' lang='lat' dir='ltr'>ta:</span> <span class='ocrx_word' id='word_1_85' title='bbox 344 2098 417 2193; x_wconf 86' lang='lat' dir='ltr'>qni,</span> <span class='ocrx_word' id='word_1_86' title='bbox 444 2097 502 2169; x_wconf 93' lang='lat' dir='ltr'>ubi</span> <span class='ocrx_word' id='word_1_87' title='bbox 515 2098 734 2185; x_wconf 89' lang='lat' dir='ltr'>adventabat,</span> <span class='ocrx_word' id='word_1_88' title='bbox 760 2095 888 2183; x_wconf 89' lang='lat' dir='ltr'>furens,</span> <span class='ocrx_word' id='word_1_89' title='bbox 911 2097 1102 2191; x_wconf 68' lang='lat' dir='ltr'>cundaque</span> <span class='ocrx_word' id='word_1_90' title='bbox 1118 2095 1228 2168; x_wconf 91' lang='lat' dir='ltr'>rursus</span> 
     </span>
     <span class='ocr_line' id='line_1_15' title="bbox 263 2213 1227 2310; baseline 0.001 -25"><span class='ocrx_word' id='word_1_91' title='bbox 263 2214 297 2286; x_wconf 91' lang='lat' dir='ltr'>in</span> <span class='ocrx_word' id='word_1_92' title='bbox 311 2218 428 2288; x_wconf 89' lang='lat' dir='ltr'>turbas</span> <span class='ocrx_word' id='word_1_93' title='bbox 445 2221 478 2288; x_wconf 72' lang='grc' dir='ltr'>ὅτ</span> <span class='ocrx_word' id='word_1_94' title='bbox 492 2214 637 2287; x_wconf 88' lang='lat' dir='ltr'>exitium</span> <span class='ocrx_word' id='word_1_95' title='bbox 655 2214 889 2302; x_wconf 78' lang='lat' dir='ltr'>conversurus,</span> <span class='ocrx_word' id='word_1_96' title='bbox 920 2213 1071 2310; x_wconf 85' lang='lat' dir='ltr'>legiones</span> <span class='ocrx_word' id='word_1_97' title='bbox 1089 2214 1123 2285; x_wconf 93' lang='lat' dir='ltr'>in</span> <span class='ocrx_word' id='word_1_98' title='bbox 1147 2217 1227 2286; x_wconf 88' lang='lat' dir='ltr'>Me-</span> 
     </span>
     <span class='ocr_line' id='line_1_16' title="bbox 264 2330 1227 2421; baseline -0.001 -17"><span class='ocrx_word' id='word_1_99' title='bbox 264 2333 501 2421; x_wconf 90' lang='lat' dir='ltr'>diomatricos,</span> <span class='ocrx_word' id='word_1_100' title='bbox 526 2333 650 2406; x_wconf 92' lang='lat' dir='ltr'>sociam</span> <span class='ocrx_word' id='word_1_101' title='bbox 668 2333 852 2421; x_wconf 87' lang='lat' dir='ltr'>civitatem,</span> <span class='ocrx_word' id='word_1_102' title='bbox 873 2330 1066 2404; x_wconf 72' lang='lat' dir='ltr'>abscessere.</span> <span class='ocrx_word' id='word_1_103' title='bbox 1102 2335 1227 2405; x_wconf 88' lang='lat' dir='ltr'>Valen-</span> 
     </span>
     <span class='ocr_line' id='line_1_17' title="bbox 263 2449 1228 2525; baseline 0.001 -5"><span class='ocrx_word' id='word_1_104' title='bbox 263 2449 354 2522; x_wconf 88' lang='lat' dir='ltr'>tinus</span> <span class='ocrx_word' id='word_1_105' title='bbox 370 2478 409 2524; x_wconf 85' lang='lat' dir='ltr'>ac</span> <span class='ocrx_word' id='word_1_106' title='bbox 422 2455 537 2523; x_wconf 89' lang='lat' dir='ltr'>Tutor</span> <span class='ocrx_word' id='word_1_107' title='bbox 553 2451 587 2522; x_wconf 94' lang='lat' dir='ltr'>in</span> <span class='ocrx_word' id='word_1_108' title='bbox 606 2476 700 2523; x_wconf 89' lang='lat' dir='ltr'>arma</span> <span class='ocrx_word' id='word_1_109' title='bbox 710 2454 877 2525; x_wconf 78' lang='lat' dir='ltr'>Treveros</span> <span class='ocrx_word' id='word_1_110' title='bbox 895 2453 1086 2522; x_wconf 88' lang='lat' dir='ltr'>retrahunt:</span> <span class='ocrx_word' id='word_1_111' title='bbox 1110 2450 1228 2523; x_wconf 87' lang='lat' dir='ltr'>occifis</span> 
     </span>
    </p>
   </div>
   <div class='ocr_carea' id='block_1_5' title="bbox 263 2568 1225 2759">
    <p class='ocr_par' dir='ltr' id='par_1_5' title="bbox 263 2568 1225 2759">
     <span class='ocr_line' id='line_1_18' title="bbox 263 2568 1225 2666; baseline 0.001 -25"><span class='ocrx_word' id='word_1_112' title='bbox 263 2569 441 2641; x_wconf 90' lang='lat' dir='ltr'>Herennio</span> <span class='ocrx_word' id='word_1_113' title='bbox 457 2595 497 2641; x_wconf 90' lang='lat' dir='ltr'>ae</span> <span class='ocrx_word' id='word_1_114' title='bbox 515 2570 672 2642; x_wconf 79' lang='lat' dir='ltr'>Numisio</span> <span class='ocrx_word' id='word_1_115' title='bbox 692 2569 823 2666; x_wconf 88' lang='lat' dir='ltr'>legatis,</span> <span class='ocrx_word' id='word_1_116' title='bbox 850 2569 921 2666; x_wconf 74' lang='lat' dir='ltr'>qud</span> <span class='ocrx_word' id='word_1_117' title='bbox 946 2570 1076 2642; x_wconf 90' lang='lat' dir='ltr'>minore</span> <span class='ocrx_word' id='word_1_118' title='bbox 1093 2568 1149 2666; x_wconf 89' lang='lat' dir='ltr'>spe</span> <span class='ocrx_word' id='word_1_119' title='bbox 1166 2595 1225 2642; x_wconf 88' lang='lat' dir='ltr'>ve·</span> 
     </span>
     <span class='ocr_line' id='line_1_19' title="bbox 264 2685 868 2759; baseline 0.002 -2"><span class='ocrx_word' id='word_1_120' title='bbox 264 2685 328 2759; x_wconf 84' lang='lat' dir='ltr'>niae</span> <span class='ocrx_word' id='word_1_121' title='bbox 352 2686 512 2759; x_wconf 86' lang='lat' dir='ltr'>cresceret</span> <span class='ocrx_word' id='word_1_122' title='bbox 531 2687 710 2759; x_wconf 89' lang='lat' dir='ltr'>vinculum</span> <span class='ocrx_word' id='word_1_123' title='bbox 728 2686 868 2758; x_wconf 89' lang='lat' dir='ltr'>sceleris.</span> 
     </span>
    </p>
   </div>
   <div class='ocr_carea' id='block_1_6' title="bbox 261 2803 1228 3961">
    <p class='ocr_par' dir='ltr' id='par_1_6' title="bbox 261 2803 1228 3961">
     <span class='ocr_line' id='line_1_20' title="bbox 311 2803 1227 2897; baseline 0.002 -21"><span class='ocrx_word' id='word_1_124' title='bbox 311 2807 446 2877; x_wconf 86' lang='lat' dir='ltr'><strong>LXXI.</strong></span> <span class='ocrx_word' id='word_1_125' title='bbox 472 2808 555 2877; x_wconf 91' lang='lat' dir='ltr'>H1c</span> <span class='ocrx_word' id='word_1_126' title='bbox 575 2805 655 2878; x_wconf 90' lang='lat' dir='ltr'>belli</span> <span class='ocrx_word' id='word_1_127' title='bbox 672 2805 772 2877; x_wconf 85' lang='lat' dir='ltr'>status</span> <span class='ocrx_word' id='word_1_128' title='bbox 789 2825 872 2897; x_wconf 88' lang='lat' dir='ltr'>erat,</span> <span class='ocrx_word' id='word_1_129' title='bbox 898 2805 980 2875; x_wconf 74' lang='lat' dir='ltr'>ciam</span> <span class='ocrx_word' id='word_1_130' title='bbox 999 2803 1136 2877; x_wconf 87' lang='lat' dir='ltr'>Petilius</span> <span class='ocrx_word' id='word_1_131' title='bbox 1160 2807 1227 2878; x_wconf 89' lang='lat' dir='ltr'>Ce-</span> 
     </span>
     <span class='ocr_line' id='line_1_21' title="bbox 261 2919 1228 3020; baseline 0.002 -28"><span class='ocrx_word' id='word_1_132' title='bbox 261 2919 351 2993; x_wconf 81' lang='lat' dir='ltr'>rialis</span> <span class='ocrx_word' id='word_1_133' title='bbox 377 2923 646 3020; x_wconf 85' lang='lat' dir='ltr'>Mogontiacum</span> <span class='ocrx_word' id='word_1_134' title='bbox 673 2922 789 2994; x_wconf 89' lang='lat' dir='ltr'>venit:</span> <span class='ocrx_word' id='word_1_135' title='bbox 825 2920 895 3017; x_wconf 89' lang='lat' dir='ltr'>ejus</span> <span class='ocrx_word' id='word_1_136' title='bbox 926 2924 1077 2992; x_wconf 89' lang='lat' dir='ltr'>adventu</span> <span class='ocrx_word' id='word_1_137' title='bbox 1110 2924 1228 2994; x_wconf 73' lang='lat' dir='ltr'>erestae</span> 
     </span>
     <span class='ocr_line' id='line_1_22' title="bbox 263 3038 1228 3135; baseline 0.001 -24"><span class='ocrx_word' id='word_1_138' title='bbox 263 3039 348 3135; x_wconf 91' lang='lat' dir='ltr'>spes.</span> <span class='ocrx_word' id='word_1_139' title='bbox 389 3039 463 3134; x_wconf 91' lang='lat' dir='ltr'>lpse</span> <span class='ocrx_word' id='word_1_140' title='bbox 480 3065 606 3135; x_wconf 79' lang='lat' dir='ltr'>pugnae</span> <span class='ocrx_word' id='word_1_141' title='bbox 625 3039 758 3124; x_wconf 87' lang='lat' dir='ltr'>avidus,</span> <span class='ocrx_word' id='word_1_142' title='bbox 777 3045 810 3112; x_wconf 73' lang='grc' dir='ltr'>δι</span> <span class='ocrx_word' id='word_1_143' title='bbox 824 3038 1097 3126; x_wconf 89' lang='lat' dir='ltr'>contemnendis,</span> <span class='ocrx_word' id='word_1_144' title='bbox 1120 3040 1228 3135; x_wconf 73' lang='lat' dir='ltr'>quam</span> 
     </span>
     <span class='ocr_line' id='line_1_23' title="bbox 262 3157 1226 3245; baseline -0.001 -15"><span class='ocrx_word' id='word_1_145' title='bbox 262 3158 422 3230; x_wconf 90' lang='lat' dir='ltr'>cavendis</span> <span class='ocrx_word' id='word_1_146' title='bbox 450 3158 601 3230; x_wconf 91' lang='lat' dir='ltr'>hostibus</span> <span class='ocrx_word' id='word_1_147' title='bbox 619 3158 752 3245; x_wconf 89' lang='lat' dir='ltr'>melior,</span> <span class='ocrx_word' id='word_1_148' title='bbox 778 3157 901 3230; x_wconf 81' lang='lat' dir='ltr'>serocial</span> <span class='ocrx_word' id='word_1_149' title='bbox 926 3160 1112 3229; x_wconf 84' lang='lat' dir='ltr'>verborum</span> <span class='ocrx_word' id='word_1_150' title='bbox 1138 3159 1226 3230; x_wconf 91' lang='lat' dir='ltr'>mili-</span> 
     </span>
     <span class='ocr_line' id='line_1_24' title="bbox 261 3274 1224 3372; baseline 0 -24"><span class='ocrx_word' id='word_1_151' title='bbox 261 3297 333 3348; x_wconf 91' lang='lat' dir='ltr'>tem</span> <span class='ocrx_word' id='word_1_152' title='bbox 350 3275 576 3360; x_wconf 88' lang='lat' dir='ltr'>incendebat;</span> <span class='ocrx_word' id='word_1_153' title='bbox 610 3277 670 3348; x_wconf 90' lang='lat' dir='ltr'>ubi</span> <span class='ocrx_word' id='word_1_154' title='bbox 694 3276 847 3372; x_wconf 75' lang='lat' dir='ltr'>primum</span> <span class='ocrx_word' id='word_1_155' title='bbox 877 3274 1042 3369; x_wconf 89' lang='lat' dir='ltr'>congredi</span> <span class='ocrx_word' id='word_1_156' title='bbox 1070 3275 1224 3365; x_wconf 84' lang='lat' dir='ltr'>licuisset,</span> 
     </span>
     <span class='ocr_line' id='line_1_25' title="bbox 261 3391 1227 3489; baseline 0.001 -23"><span class='ocrx_word' id='word_1_157' title='bbox 261 3396 392 3466; x_wconf 90' lang='lat' dir='ltr'>nullam</span> <span class='ocrx_word' id='word_1_158' title='bbox 407 3393 530 3488; x_wconf 88' lang='lat' dir='ltr'>proelio</span> <span class='ocrx_word' id='word_1_159' title='bbox 548 3420 682 3466; x_wconf 89' lang='lat' dir='ltr'>moram</span> <span class='ocrx_word' id='word_1_160' title='bbox 695 3391 855 3466; x_wconf 62' lang='lat' dir='ltr'>fassurus.</span> <span class='ocrx_word' id='word_1_161' title='bbox 892 3395 1053 3465; x_wconf 72' lang='lat' dir='ltr'>Deledus</span> <span class='ocrx_word' id='word_1_162' title='bbox 1069 3419 1128 3489; x_wconf 88' lang='lat' dir='ltr'>per</span> <span class='ocrx_word' id='word_1_163' title='bbox 1143 3397 1227 3467; x_wconf 86' lang='lat' dir='ltr'>Gal-</span> 
     </span>
     <span class='ocr_line' id='line_1_26' title="bbox 261 3510 1225 3609; baseline 0.003 -27"><span class='ocrx_word' id='word_1_164' title='bbox 261 3511 342 3582; x_wconf 89' lang='lat' dir='ltr'>liam</span> <span class='ocrx_word' id='word_1_165' title='bbox 360 3511 505 3601; x_wconf 91' lang='lat' dir='ltr'>habitos,</span> <span class='ocrx_word' id='word_1_166' title='bbox 533 3511 568 3582; x_wconf 92' lang='lat' dir='ltr'>in</span> <span class='ocrx_word' id='word_1_167' title='bbox 584 3512 736 3584; x_wconf 86' lang='lat' dir='ltr'>civitates</span> <span class='ocrx_word' id='word_1_168' title='bbox 753 3510 905 3598; x_wconf 90' lang='lat' dir='ltr'>remittit,</span> <span class='ocrx_word' id='word_1_169' title='bbox 934 3537 974 3583; x_wconf 90' lang='lat' dir='ltr'>ac</span> <span class='ocrx_word' id='word_1_170' title='bbox 992 3513 1146 3585; x_wconf 89' lang='lat' dir='ltr'>nuntiare</span> <span class='ocrx_word' id='word_1_171' title='bbox 1166 3512 1225 3609; x_wconf 89' lang='lat' dir='ltr'>ju·</span> 
     </span>
     <span class='ocr_line' id='line_1_27' title="bbox 261 3626 1227 3725; baseline 0.003 -25"><span class='ocrx_word' id='word_1_172' title='bbox 261 3631 320 3700; x_wconf 90' lang='lat' dir='ltr'>bet</span> <span class='ocrx_word' id='word_1_173' title='bbox 345 3627 537 3702; x_wconf 87' lang='lat' dir='ltr'>“sufficere</span> <span class='ocrx_word' id='word_1_174' title='bbox 563 3629 707 3725; x_wconf 91' lang='lat' dir='ltr'>imperio</span> <span class='ocrx_word' id='word_1_175' title='bbox 731 3629 906 3725; x_wconf 89' lang='lat' dir='ltr'>legiones:</span> <span class='ocrx_word' id='word_1_176' title='bbox 938 3626 1016 3700; x_wconf 91' lang='lat' dir='ltr'>socii</span> <span class='ocrx_word' id='word_1_177' title='bbox 1044 3633 1088 3703; x_wconf 90' lang='lat' dir='ltr'>ad</span> <span class='ocrx_word' id='word_1_178' title='bbox 1111 3632 1227 3704; x_wconf 89' lang='lat' dir='ltr'>munia</span> 
     </span>
     <span class='ocr_line' id='line_1_28' title="bbox 263 3744 1227 3845; baseline 0.001 -26"><span class='ocrx_word' id='word_1_179' title='bbox 263 3752 291 3788; x_wconf 90' lang='lat'><strong>“</strong></span> <span class='ocrx_word' id='word_1_180' title='bbox 310 3746 403 3841; x_wconf 87' lang='lat' dir='ltr'>pacis</span> <span class='ocrx_word' id='word_1_181' title='bbox 415 3747 576 3835; x_wconf 89' lang='lat' dir='ltr'>redirent,</span> <span class='ocrx_word' id='word_1_182' title='bbox 594 3746 713 3836; x_wconf 90' lang='lat' dir='ltr'>securi,</span> <span class='ocrx_word' id='word_1_183' title='bbox 726 3744 988 3818; x_wconf 67' lang='lat' dir='ltr'>velutconseslo</span> <span class='ocrx_word' id='word_1_184' title='bbox 1007 3748 1112 3837; x_wconf 86' lang='lat' dir='ltr'>bello,</span> <span class='ocrx_word' id='word_1_185' title='bbox 1131 3751 1227 3845; x_wconf 90' lang='lat' dir='ltr'>quod</span> 
     </span>
     <span class='ocr_line' id='line_1_29' title="bbox 263 3864 1226 3961; baseline 0.002 -24"><span class='ocrx_word' id='word_1_186' title='bbox 263 3869 289 3908; x_wconf 90' lang='lat'><strong>“</strong></span> <span class='ocrx_word' id='word_1_187' title='bbox 308 3868 477 3937; x_wconf 83' lang='lat' dir='ltr'>Romanae</span> <span class='ocrx_word' id='word_1_188' title='bbox 515 3889 639 3938; x_wconf 89' lang='lat' dir='ltr'>manus</span> <span class='ocrx_word' id='word_1_189' title='bbox 670 3864 913 3961; x_wconf 86' lang='lat' dir='ltr'>excepiffent.&#39;’</span> <span class='ocrx_word' id='word_1_190' title='bbox 963 3865 1074 3939; x_wconf 84' lang='lat' dir='ltr'>Auxit</span> <span class='ocrx_word' id='word_1_191' title='bbox 1105 3891 1145 3941; x_wconf 89' lang='lat' dir='ltr'>ea</span> <span class='ocrx_word' id='word_1_192' title='bbox 1174 3890 1226 3940; x_wconf 87' lang='lat' dir='ltr'>res</span> 
     </span>
    </p>
   </div>
   <div class='ocr_carea' id='block_1_7' title="bbox 0 0 1504 5144">
    <p class='ocr_par' dir='ltr' id='par_1_7' title="bbox 0 0 1504 5144">
     <span class='ocr_line' id='line_1_30' title="bbox 0 0 1504 5144; baseline 0 0"><span class='ocrx_word' id='word_1_193' title='bbox 0 0 1504 5144; x_wconf 95' lang='lat' dir='ltr'> </span> 
     </span>
    </p>
   </div>
  </div>
 </body>
</html>
