3000 5144
268 543 336 611 144
495 516 1063 593 C.Connna11Tncrr1

260 717 459 791 properans,
493 692 633 791 gliscere
672 693 803 768 famam
834 692 908 792 ipso
937 692 1046 790 spatio
1077 694 1231 768 sinebat:

259 838 385 910 gnarus
403 811 556 885 modicas
573 813 660 887 vires
683 814 757 904 srbi,
780 817 814 886 δι
838 809 965 910 majora
980 812 1075 886 credi
1100 814 1146 886 de
1168 816 1232 888 ab·

257 929 417 1004 sentibus.
464 933 530 1004 Sed
548 932 641 1031 legio
660 933 767 1023 sexta,
791 937 825 1004 ὅτ
849 931 1015 1004 tredecim
1034 930 1234 1005 vexillario-

258 1076 337 1124 rum
355 1049 476 1140 millia,
495 1052 627 1150 ingenti
639 1051 778 1152 agmine
793 1050 1031 1149 sequebantur.
1079 1052 1232 1125 Classem

258 1174 418 1257 ePont0,
437 1171 643 1268 Byzantium
655 1169 919 1267 adigijusserat:
944 1171 1130 1267 ambiguus
1146 1194 1232 1243 con·

258 1289 333 1378 stlii,
363 1314 448 1362 num
473 1288 596 1363 omisss
614 1293 754 1380 Moesrs,
781 1289 1011 1385 Dyrrachium
1035 1288 1151 1385 pedite
1177 1309 1232 1361 at·

259 1432 328 1506 que
344 1409 473 1506 equite,
492 1411 589 1483 simul
607 1409 718 1506 longis
736 1410 883 1484 navibus
895 1410 1029 1483 versum
1046 1409 1082 1481 in
1095 1408 1232 1482 ltaliam

258 1554 355 1604 mare
380 1529 566 1618 clauderet,
594 1531 668 1601 tots
697 1554 789 1626 pone
813 1550 952 1626 tergum
976 1527 1110 1601 Achais
1133 1531 1231 1602 Asis·

259 1676 347 1747 que:
375 1673 459 1745 quas
486 1647 634 1721 inermes
662 1648 790 1744 exponi
822 1646 975 1737 Vitellio,
1005 1646 1040 1719 ni
1068 1646 1232 1744 ptaesrdiis

260 1771 499 1843 firmarentur:
541 1787 646 1864 atque
678 1766 789 1864 ipsum
822 1765 1000 1841 Vitellium
1031 1766 1067 1839 in
1101 1765 1235 1839 incerto

260 1886 348 1978 sore,
374 1912 479 1986 quam
498 1905 630 1982 partem
652 1885 757 1959 Italia
781 1906 989 1984 protegeret,
1008 1888 1029 1958 fi
1048 1885 1108 1958 srbi
1122 1888 1233 1958 Brun-

260 2009 385 2081 disium
414 2009 693 2103 Tarentumque,
729 2011 761 2080 &
791 2005 959 2079 Lucaniae
993 2005 1234 2104 Calabriaeque
1306 2058 1310 2063 ·

261 2128 377 2215 litora,
395 2125 523 2198 infestis
547 2124 702 2199 classibus
720 2146 926 2223 peterentur.

308 2245 516 2319 LXXXIV.
541 2245 681 2321 lorrtra
700 2245 855 2335 navium,
873 2245 1036 2336 militum,
1054 2270 1233 2320 armorum

261 2384 380 2461 paratu
408 2364 556 2458 strepere
577 2362 775 2458 provincia.
824 2367 891 2438 Sed
918 2365 1003 2440 nihil
1027 2367 1126 2464 aequd
1154 2364 1232 2440 sati-

261 2485 381 2582 gabat,
412 2481 519 2578 quam
537 2482 761 2578 pecuniarum
777 2484 1005 2583 conquisitio:
1037 2493 1063 2526 “
1083 2509 1142 2557 eos
1166 2486 1234 2557 esse

262 2610 289 2644 “
309 2601 389 2676 belli
405 2600 515 2675 civilis
531 2604 678 2676 nervos’'
693 2603 853 2676 diditans
874 2604 1074 2693 Mucianus,
1091 2629 1163 2676 non
1174 2600 1233 2700 jus
1283 2666 1287 2675 .

260 2743 320 2797 aut
337 2747 458 2795 verum
474 2721 510 2794 in
527 2704 796 2820 cognitionibus,
820 2722 878 2795 sed
894 2721 1000 2796 solam
1021 2720 1233 2820 magnitudi-

261 2868 342 2917 nem
359 2869 467 2940 opum
484 2840 678 2939 spectabat:
706 2844 826 2938 passam
842 2842 1051 2928 delationes:
1078 2847 1111 2914 dt
1136 2843 1233 2914 locu·

262 2961 460 3058 pletiffimus
476 2961 618 3059 quisque
634 2961 669 3032 in
686 2962 836 3057 praedam
860 2962 1030 3058 correpti:
1060 2987 1137 3058 quae
1156 2987 1233 3060 gra·

261 3082 318 3155 via
340 3103 444 3179 atque
460 3060 684 3170 intoleranda,
703 3079 760 3153 sed
774 3083 962 3153 necessitate
978 3107 1153 3154 armorum
1170 3106 1233 3154 ex·

261 3200 389 3288 cusata,
414 3199 516 3272 etiarn
540 3202 574 3272 in
600 3224 684 3296 pace
711 3204 887 3285 manssre3
918 3198 990 3297 ipso
1014 3199 1233 3296 Vespasiano,

262 3321 349 3395 inter
365 3320 459 3392 initia
475 3319 625 3417 imperii,
644 3320 687 3392 ad
705 3319 910 3392 obtinendas
928 3319 1124 3416 iniquitates
1140 3320 1235 3393 haud

263 3440 407 3539 perinde
434 3439 647 3513 obstinante:
677 3440 802 3527 donec,
827 3438 1040 3536 indulgentis
1073 3439 1232 3528 sortunae,

264 3566 299 3633 ὅτ
328 3558 438 3656 pravis
468 3558 652 3656 magistris,
685 3557 822 3647 didicit,
852 3556 1016 3656 aususque
1041 3559 1100 3633 est.
1148 3562 1233 3632 Pro·

264 3679 345 3776 priis
370 3704 510 3775 quoque
539 3677 664 3774 opibus
680 3676 866 3751 Mucianus
883 3678 1014 3750 bellum
1036 3677 1143 3773 juvit,
1167 3678 1233 3750 lar·

265 3823 330 3895 gus
347 3797 523 3892 privatim,
548 3797 643 3893 quod
660 3797 793 3870 avidibs
815 3798 860 3870 de
882 3797 1060 3893 republica
1075 3795 1234 3870 sumeret.

264 3916 378 3989 Ceteri
401 3915 683 3991 conferendarum
710 3916 935 4015 pecuniarum
959 3918 1163 4015 exemplum
1182 3914 1231 3990 se·
