3000 5144
407 604 804 677 Hrsronrnnuu
838 603 948 673 Lrn.
980 602 1045 673 IV.
1172 604 1241 695 267

258 772 478 847 funduntur:
510 800 613 870 eques
643 778 757 863 evasit,
783 801 865 847 cum
890 773 992 870 signis
1009 770 1235 868 captivisque,

261 920 349 990 quos
376 895 484 991 prims
506 895 577 966 acie
604 893 851 989 corripuerant.
900 889 1073 964 Caesotum
1099 893 1235 979 codic,

259 1012 295 1084 in
324 1013 475 1108 partibus
496 1012 629 1101 nostris,
656 1011 765 1109 major
793 1011 1011 1084 numerus&
1038 1008 1235 1095 imbellior;

257 1155 281 1202 e
298 1131 495 1219 Germanis,
520 1129 590 1227 ipsa
607 1133 743 1203 robora.

308 1250 479 1323 XXXIV.
505 1252 596 1322 Dux
622 1269 779 1346 uterque,
807 1247 879 1344 pari
896 1249 997 1344 culpfi
1015 1246 1156 1320 meritus
1174 1248 1234 1319 ad·

260 1368 368 1460 versa,
396 1368 562 1465 prosperis
589 1366 741 1440 defuere.
792 1369 887 1441 Nam
915 1365 1050 1454 Civilis,
1076 1370 1099 1439 si
1127 1366 1235 1464 majo·

261 1487 356 1561 ribus
384 1488 494 1583 copiis
520 1486 725 1559 instruxisset
752 1485 886 1570 aciem;
918 1483 1091 1557 circumiri
1119 1506 1238 1559 atam

261 1606 381 1701 paucis
415 1607 613 1678 cohortibus
650 1605 831 1700 nequisset,
868 1605 1043 1701 castraque
1076 1627 1238 1701 perrupta

259 1721 465 1796 exscidiffet.
516 1726 663 1812 Vocula,
691 1749 754 1795 nec
783 1723 974 1795 adventum
997 1723 1144 1796 hostium
1173 1749 1234 1796 ex·

261 1842 421 1938 ploravit,
451 1843 563 1940 eoque
593 1843 690 1914 simul
718 1842 881 1937 egressus,
911 1840 1116 1938 vistusque:
1152 1843 1233 1916 dein

260 1961 413 2032 victoria
428 1987 548 2057 pamm
565 1959 725 2049 conlisus,
744 1959 828 2031 tritis
846 1958 969 2031 frustra
983 1960 1118 2051 diebus,
1132 1962 1239 2035 castra

262 2079 299 2151 in
323 2079 454 2151 hostem
476 2079 609 2151 movit:
642 2104 748 2175 quem
771 2078 923 2151 sistatim
940 2077 1131 2175 impellere,
1159 2106 1237 2154 cur·

260 2196 406 2294 sumque
433 2223 548 2270 rerum
566 2196 659 2294 sequi
677 2199 868 2270 maturasset
883 2226 894 2282 ;
921 2195 1049 2270 solvere
1065 2200 1238 2272 obsidium

262 2316 443 2412 legionum
469 2318 595 2389 eodem
620 2315 753 2412 impetu
781 2315 904 2412 potuit.
952 2318 1164 2390 Tentaverat
1183 2319 1236 2391 in·

261 2435 360 2507 terim
387 2435 509 2507 Civilis
535 2434 743 2508 obsessorum
773 2434 921 2525 animos,
952 2455 1133 2534 tamquam
1161 2463 1236 2534 per·

262 2552 344 2625 ditae
372 2556 464 2651 apud
492 2557 674 2627 Romanos
701 2579 766 2642 res,
795 2559 827 2627 &
853 2552 918 2626 suis
944 2554 1086 2628 victoria
1111 2581 1234 2652 prote·

263 2663 373 2743 nisset.
422 2670 764 2745 Circumferebantur
780 2675 874 2769 signa
889 2674 1100 2771 vexillaque:
1126 2675 1237 2748 osten·

263 2790 325 2862 tati
354 2790 457 2863 etiam
486 2790 642 2887 captivi:
688 2816 731 2862 cx
765 2790 892 2887 quibus
918 2817 1021 2882 unus,
1055 2793 1236 2890 egregium

262 2908 395 2982 facinus
413 2909 524 3012 ausus,
551 2912 642 2983 class
656 2935 743 2982 voce
760 2909 852 3006 gesta
870 2910 1042 3006 patefecit,
1069 2910 1239 2984 confossus

263 3027 334 3101 illic
350 3055 370 3101 a
386 3029 595 3101 Germanis:
624 3030 717 3100 unde
733 3027 841 3125 major
864 3028 972 3103 indici
989 3031 1086 3102 fides.
1127 3029 1237 3102 Simul

264 3130 453 3221 vastatione
476 3148 713 3245 incendiisque
736 3148 956 3246 flagrantium
978 3149 1152 3238 villarum,
1179 3174 1237 3221 ve-

264 3267 338 3339 nire
351 3267 518 3339 vistorem
538 3266 728 3339 exercitum
746 3267 1013 3365 intelligebatur.
1051 3275 1079 3310 ‘⁴
1099 3271 1139 3340 ln
1152 3293 1235 3340 con·

264 3393 293 3428 “
311 3384 428 3480 speslu
458 3385 643 3458 castrorum
671 3386 829 3459 constitui
854 3390 960 3484 signa,
986 3386 1176 3484 fossamque
1204 3390 1237 3458 &

263 3511 291 3577 .“
311 3506 443 3575 vallum
478 3505 706 3576 circumdati'’
741 3507 874 3579 Vocula
900 3504 1010 3602 jubet.
1069 3509 1239 3603 Depositis

264 3622 571 3718 “impedimentis
603 3622 818 3720 sarcinisque,
857 3625 1011 3721 expediti
1038 3630 1240 3699 certarent.”

264 3741 363 3814 Hinc
390 3741 424 3812 in
446 3743 572 3815 ducem
597 3745 727 3815 clamor
752 3769 907 3841 pugnam
937 3743 1176 3841 poscentium:
1204 3751 1238 3818 &

267 3861 391 3933 minari
420 3860 653 3933 adsueverant.
703 3864 761 3934 Ne
777 3883 934 3959 tempore
959 3864 1101 3960 quidem
1122 3865 1165 3936 ad
1183 3892 1239 3938 or·

264 3980 455 4052 dinandam
479 3979 590 4052 aciem
612 3999 729 4076 capto,
755 3980 974 4079 incompositi
990 3979 1130 4078 seffique
1148 4010 1239 4082 proe-
