3000 5144
270 114 337 188 ¹70
475 89 516 161 C.
559 88 823 162 Connusrr
865 88 1065 165 Tacrrr

265 285 361 361 gato,
387 265 568 339 Patavium
581 267 706 341 alacres
723 265 891 339 veniunt:
919 266 967 344 ibi
984 265 1086 363 pauci
1106 266 1181 345 dies
1195 271 1241 345 ad

264 383 420 479 requiem
447 382 596 480 sumpti:
633 389 667 459 δι
692 385 873 461 Minucius
896 385 1028 480 Justus,
1058 383 1240 484 praefeskus

156 493 159 499 ’
264 503 451 577 castrorum
466 503 610 601 legionis
627 504 793 601 septimae,
823 505 905 602 quia
916 504 1114 598 adductius,
1133 508 1241 605 quam

263 622 356 696 civili
384 625 489 713 bellu,
516 623 749 719 imperitabat,
775 624 963 698 subtrasios
989 625 1140 700 militum
1164 626 1239 718 irae,

264 742 309 815 ad
338 741 580 839 Vespasianum
608 743 723 815 miffus
755 743 812 816 est.
863 744 1060 818 Desiderato
1083 744 1145 817 diu
1172 771 1239 835 res,

261 862 539 958 interpretatione
567 862 700 958 gloriae,
729 863 764 934 in
791 860 901 958 majus
932 862 1115 959 accipitur,
1145 865 1236 962 post-

261 1006 368 1078 quam
386 988 412 1025 “
431 982 553 1054 Galbae
567 980 748 1077 imagines,
767 979 933 1054 discordia
944 1001 1144 1078 temporum
1159 983 1238 1058 sub·

263 1106 291 1143 “
309 1099 434 1190 versas,
460 1099 496 1171 in
514 1099 676 1172 omnibus
694 1099 891 1196 municipiis
907 1100 1034 1173 recoli''
1049 1099 1143 1198 jussit
1160 1108 1237 1177 An·

261 1217 397 1291 tonius:
427 1219 592 1291 decorum
607 1244 669 1314 pro
681 1221 782 1291 causa
800 1239 905 1307 ratus,
924 1221 945 1292 fi
960 1221 1095 1315 placere
1112 1225 1237 1298 Galbae

261 1337 484 1435 principatus,
512 1342 544 1410 δι
562 1358 673 1436 partes
689 1338 888 1413 revirescere
903 1341 1132 1416 crederentur.

308 1459 404 1530 VIII.
429 1460 655 1553 erusrrurr
683 1457 764 1531 inde
782 1466 808 1501 “
826 1485 903 1556 quae
920 1458 1014 1533 sedes
1037 1461 1236 1562 bellolege.

262 1582 291 1623 ‘⁸
308 1597 400 1650 retur
413 1578 453 1649 ?''
479 1579 616 1650 Verona
634 1577 746 1672 potior
763 1577 843 1666 visa,
860 1586 886 1620 “
901 1579 1095 1675 patentibus
1107 1581 1239 1657 circbm

261 1702 290 1772 ‘.‘
309 1695 441 1792 campis
469 1697 513 1767 ad
536 1722 691 1792 pugnam
716 1698 950 1792 equestrem,”
976 1701 1046 1796 qua
1069 1704 1235 1797 praevale-

259 1817 368 1888 bant:
397 1822 424 1857 “
446 1815 543 1887 sunul
571 1814 742 1887 coloniam
769 1816 878 1913 copiis
906 1817 1072 1907 validam,
1103 1819 1237 1896 auferre

260 1939 289 1977 ‘⁴
307 1931 459 2020 Vitellio,
483 1933 518 2004 in
531 1959 603 2005 rem
620 1931 842 2032 famamque''
859 1934 1050 2010 videbatur.
1091 1940 1238 2017 Possessa

257 2050 329 2149 ipso
346 2054 484 2124 transitu
511 2052 667 2126 Vicetia:
697 2055 793 2149 quod
811 2052 920 2151 perse
937 2080 1059 2151 parum
1086 2059 1235 2152 (etenim

257 2171 406 2245 modicae
424 2171 619 2268 municipio
640 2172 747 2267 vires)
774 2173 894 2270 magni
919 2174 1090 2248 momenti
1113 2179 1233 2253 locum

259 2291 422 2381 obtinuit,
461 2293 699 2389 reputantibus
727 2300 754 2335 “
773 2291 845 2366 illic
864 2293 1037 2368 Caecinam
1063 2301 1233 2396 genitum,

259 2417 287 2456 “
307 2416 340 2484 ἃ*
368 2411 514 2508 patriam
544 2411 696 2483 hostium
718 2410 800 2484 duci
817 2414 1006 2508 ereptam.''
1055 2414 1096 2483 ln
1122 2403 1233 2474 Veno-

256 2535 415 2605 nensrbus
433 2530 583 2626 pretium
601 2529 664 2601 suit
675 2558 686 2616 ;
713 2532 877 2626 exemplo
894 2530 1099 2629 opibusque,
1120 2544 1234 2625 partes

250 2647 384 2750 juvere.
436 2652 482 2721 Et
494 2647 689 2743 interjestus
701 2650 872 2723 exercitus
889 2650 1040 2724 Raetiam
1056 2643 1234 2745 Juliasque

256 2770 379 2866 Alpes,
407 2793 450 2841 ne
468 2768 625 2864 pervium
641 2768 699 2840 illa
715 2769 932 2843 Germanicis
949 2768 1154 2844 exercitibus
1176 2763 1231 2837 fo·

255 2909 319 2977 ret,
347 2886 560 2983 obsepserat:
593 2914 670 2984 quae
699 2888 818 2985 ignara
834 2888 1052 2985 Vespasiano,
1082 2908 1141 2961 aut
1167 2910 1229 2959 ve-

255 3007 341 3080 tita:
374 3007 503 3104 quippe
532 3015 559 3050 “
588 3006 759 3103 Aquileia
786 3008 849 3084 fisti
878 3010 1023 3098 bellum,
1052 3005 1229 3104 exspeda-

257 3127 399 3222 “rique
428 3126 658 3199 Mucianum”
679 3123 850 3221 jubebat3
885 3126 1134 3224 adjiciebatque
1161 3125 1228 3208 irn-

255 3244 350 3340 perio
367 3245 559 3333 confilium,
587 3252 614 3287 ‘⁶
633 3247 772 3341 quando
789 3247 982 3344 AEgyptus,
1005 3246 1151 3320 claustra
1167 3270 1228 3316 an·

256 3372 284 3410 “
302 3390 416 3451 nonae,
435 3363 614 3460 vectigalia
626 3366 956 3458 opulentissimarum
974 3364 1229 3462 provinciarum

256 3488 283 3531 ‘⁴
302 3482 551 3573 obtinerentur,
586 3484 680 3580 posse
705 3485 834 3560 Vitellii
862 3486 1052 3560 exercitum
1081 3483 1229 3583 egestate
