3000 5144
259 506 301 576 16
462 493 800 577 C.Couunn11
836 504 1044 577 Tncrtt

257 682 285 735 *ἱ
303 694 436 748 tarem:
468 675 504 746 δι
529 677 615 750 mihi
633 679 811 775 egregium
831 698 900 752 erat
917 680 983 751 Cn.
1001 673 1160 772 Pompeii
1186 677 1223 748 &

255 801 284 836 “
303 798 359 866 M.
375 795 476 866 Craffi
502 794 656 868 subolem
680 798 716 869 in
742 818 879 893 penates
902 823 997 869 meos
1013 793 1224 878 adsciscete3

258 920 285 961 ‘⁶
305 913 418 984 &tibi
437 913 578 1010 infigne‚
603 916 761 1012 Sulpiciae
778 942 817 988 ac
834 915 983 988 Lutatiae
999 916 1136 1002 decora,
1160 937 1227 984 no·

258 1040 285 1077 “
305 1031 425 1104 bilitati
455 1054 521 1106 tuae
551 1031 717 1129 adjecisse.
766 1036 873 1106 Nunc
897 1059 968 1124 me,
992 1036 1139 1106 deorum
1161 1033 1227 1103 ho-

259 1160 286 1196 “
306 1152 512 1248 minumque
550 1150 710 1224 consensu
743 1154 788 1224 ad
827 1152 1012 1248 imperium
1044 1169 1228 1238 vocatum,

259 1273 467 1366 “praeclara
497 1270 630 1343 indoles
655 1292 726 1360 tua,
750 1275 783 1342 &
808 1296 905 1342 amor
925 1271 1042 1366 patriae
1072 1268 1230 1364 impulit,

259 1398 285 1434 “
305 1411 342 1462 ut
369 1389 620 1486 Principatuur,
650 1391 695 1461 de
723 1415 794 1485 quo
821 1387 964 1484 majores
996 1387 1099 1460 nostri
1124 1387 1233 1459 armis

259 1518 286 1557 “
305 1511 492 1596 certabant,
531 1511 623 1579 bello
656 1510 813 1603 adeptus,
848 1506 1034 1604 quiescenti
1066 1507 1230 1594 offeram,

259 1637 287 1671 “
307 1629 468 1721 exemplo
492 1625 564 1697 divi
584 1626 747 1721 Augusti,
777 1627 836 1723 qui
854 1626 977 1698 sororis
1001 1625 1112 1699 filium
1128 1626 1235 1697 Mat-

261 1756 288 1795 “
307 1748 449 1830 cellum,
480 1743 559 1814 dein
585 1769 751 1839 generum
771 1744 983 1841 Agrippam,
1013 1769 1098 1816 mox
1122 1767 1236 1839 nepo·

262 1875 273 1908 ⁴
280 1874 289 1906 ‘
309 1885 358 1935 tes
374 1862 462 1950 suos,
492 1861 667 1958 postremo
680 1861 861 1934 Tiberium
878 1864 1072 1951 Neronem,
1095 1860 1235 1957 privig-

262 1992 289 2026 “
309 2006 408 2070 num,
436 1981 470 2052 in
499 1980 661 2077 proximo
684 1980 743 2052 fibi
765 1979 897 2077 fastigio
921 1979 1129 2052 conlocavit.
1160 1979 1237 2063 ,Sed
1270 2046 1273 2052 .

263 2111 290 2146 “
311 2100 489 2194 Augustus
506 2099 542 2169 in
558 2100 667 2170 domo
691 2097 915 2199 successorem
940 2097 1121 2194 quaesrvit:
1150 2121 1236 2193 ege,

262 2230 290 2264 “
311 2221 345 2290 in
372 2217 559 2312 republica:
581 2242 665 2303 non,
692 2215 772 2311 quia
789 2216 1017 2313 propinquos,
1048 2235 1106 2287 aut
1124 2214 1238 2287 socios

263 2348 290 2384 “
310 2336 391 2410 belli
424 2360 494 2406 non
523 2336 689 2406 habeam:
721 2333 778 2405 sed
805 2359 917 2430 neque
945 2332 1015 2429 ipse
1048 2332 1240 2430 imperium

264 2453 498 2527 “ambitione
524 2451 656 2546 accepi,
683 2455 716 2522 δι
737 2448 861 2547 judicii
889 2451 958 2522 mei
983 2453 1242 2524 documentum

266 2584 293 2619 “
314 2578 388 2660 sint,
417 2598 487 2644 non
512 2597 597 2642 meae
614 2571 750 2641 tantbm
776 2569 1047 2658 necessitudines,
1071 2597 1158 2667 quas
1174 2570 1241 2647 tibi

266 2704 293 2742 “
315 2688 499 2788 postposui,
517 2687 575 2760 sed
598 2692 631 2759 ἃ
650 2707 728 2759 tuae.
780 2687 839 2759 Est
856 2686 918 2758 tibi
935 2684 1036 2758 frater
1049 2690 1121 2784 pari
1133 2689 1239 2763 nobi-

267 2822 294 2859 “
314 2811 420 2897 litate,
443 2829 525 2880 natu
542 2803 663 2901 major,
693 2804 820 2900 dignus
849 2806 913 2876 hac
935 2803 1086 2897 fortuna,
1116 2808 1176 2880 nist
1200 2827 1243 2887 tu

268 2941 296 2976 “
319 2928 431 3026 potior
440 2928 533 2998 esses.
585 2926 637 2994 Ea
654 2943 732 2994 aetas
748 2932 821 3010 tua,
840 2906 917 3017 ciuae
930 2924 1136 3019 cupiditates
1154 2928 1242 3000 ado·

267 3061 294 3096 ‘⁶
315 3045 481 3121 sescentiae
508 3041 583 3140 jam
608 3039 791 3136 effugerit:
820 3065 858 3111 ea
886 3039 969 3130 vita,
996 3042 1031 3113 in
1058 3048 1128 3139 quai
1155 3046 1244 3117 nihil
1280 3062 1287 3073 ·

267 3180 294 3215 “
314 3165 522 3264 praeteritum
555 3155 789 3231 excusandum
843 3159 979 3231 habeas.
1046 3163 1244 3236 Fortunam

266 3298 296 3371 “,
312 3287 425 3359 adhuc
458 3280 594 3352 tantum
618 3273 795 3347 adversam
827 3275 943 3347 tulisti.
991 3278 1160 3352 Secundae
1190 3306 1246 3354 res

267 3417 294 3453 ‘⁶
314 3401 501 3477 acrioribus
516 3394 661 3468 stimulis
678 3392 813 3465 animos
835 3393 1041 3486 explorant:
1074 3398 1157 3492 quia
1174 3399 1246 3471 mi·

268 3535 295 3570 “
317 3522 406 3594 seriae
435 3519 638 3600 tolerantur,
661 3510 818 3583 felicitate
847 3513 1117 3606 corrumpimur.
1184 3515 1247 3588 Fi.
1283 3542 1287 3548 ·

270 3654 296 3687 “
317 3640 414 3723 dem,
442 3636 649 3717 libertatem,
673 3626 874 3714 amicitiam,
902 3628 1075 3725 praecipua
1095 3633 1247 3707 humani

270 3753 425 3827 “animi
450 3755 555 3836 bona,
587 3770 624 3817 tu
652 3743 793 3839 quidem
817 3745 937 3815 eadem
955 3748 1145 3820 constantii
1163 3751 1248 3822 reti,

272 3886 298 3929 ί(
319 3870 439 3947 uebis:
471 3867 527 3939 sed
541 3864 597 3937 alii
616 3886 676 3957 per
694 3858 896 3956 obsequium
913 3860 1140 3953 imminuent,
1186 3871 1247 3946 In.
