2978 5144
260 536 306 611 26
485 532 1083 629 GConuacttTnctrt

307 705 409 778 XIX.
433 706 534 778 Nau
563 725 730 802 quatenus
756 706 978 803 antiquorum
1009 705 1253 781 admiratores

258 827 353 896 hunc
378 825 473 898 velut
499 825 688 898 terminum
716 825 928 922 antiquitatis
951 823 1171 899 constituere
1195 824 1252 897 so-

258 946 343 1032 lent,
378 968 483 1039 quem
511 942 618 1041 usque
646 945 691 1016 ad
717 946 867 1019 Calfium
895 945 1060 1018 Severum
1096 942 1249 1034 faciunt,

258 1088 365 1159 quem
398 1063 551 1159 primum
579 1065 749 1140 affirmant
775 1062 905 1139 flexiffe
941 1065 986 1136 ab
1015 1061 1073 1136 illa
1105 1081 1245 1153 vetere,

257 1203 363 1280 atque
379 1183 505 1256 diredlal
521 1183 659 1256 dicendi
676 1184 752 1256 via:
784 1209 855 1256 non
871 1181 1071 1255 infirmitate
1088 1180 1242 1278 ingenii,

259 1328 323 1376 nec
341 1301 469 1376 inscitia
491 1302 679 1392 literarum,
703 1301 907 1376 transtuliffe
930 1299 963 1374 se
980 1300 1023 1372 ad
1041 1300 1078 1372 id
1095 1300 1243 1375 dicendi

260 1448 371 1521 genus
393 1422 579 1511 contend0,
605 1420 662 1494 sed
680 1419 814 1518 judicio
839 1425 872 1496 a
899 1420 1086 1494 intelledlu.
1139 1421 1242 1495 Vidit

260 1566 425 1638 namque,
455 1562 494 1613 ut
512 1543 627 1637 paullo
643 1541 720 1613 ante
738 1541 912 1629 dicebam,
938 1564 1018 1612 cum
1036 1537 1242 1613 conditione

258 1681 456 1757 temporum
472 1686 513 1733 ac
525 1660 715 1734 diversitate
727 1658 862 1732 aurium
874 1658 1021 1732 formam
1035 1684 1180 1755 quoquc
1198 1685 1241 1735 ac

160 1785 161 1790 ’
257 1779 404 1876 speciem
427 1779 587 1853 orationis
604 1782 670 1853 effe
687 1780 901 1852 mutandam.
951 1776 1065 1851 Facile
1084 1777 1240 1873 perfere-

257 1902 317 1972 bat
336 1898 427 1995 prior
443 1898 502 1972 iste
520 1901 685 1996 populus,
699 1921 736 1973 ut
753 1897 929 1994 imperitus
947 1900 979 1968 δι
994 1896 1101 1985 rudis,
1121 1897 1238 1994 impe-

255 2018 484 2093 ritisfimamm
495 2018 687 2092 orationum
699 2015 803 2114 spatia
816 2045 825 2088 :
840 2038 945 2113 atque
962 2016 997 2089 id
1014 2013 1125 2111 ipsum
1140 2016 1240 2091 laudi

258 2138 419 2224 dabatur,
440 2140 462 2208 st
480 2137 629 2209 dicendo
646 2135 722 2234 quis
739 2136 833 2208 diem
850 2134 1028 2209 eximeret.
1079 2136 1134 2207 Ita
1151 2136 1239 2209 verd

258 2256 364 2350 longa
385 2253 632 2349 principiorum
658 2255 872 2351 ptaeparati0,
900 2260 933 2328 δι
951 2251 1154 2328 narrationis
1171 2256 1243 2331 altd

258 2370 403 2467 repetita
418 2370 529 2459 series,
550 2375 582 2444 a
608 2374 795 2447 multarum
813 2372 1017 2447 divifionum
1035 2371 1237 2465 ostentatio,

258 2495 291 2563 dt
309 2488 405 2562 mille
421 2510 702 2587 argumentorum
726 2494 867 2590 gradus,
888 2496 919 2565 ἃ
938 2491 1111 2589 quidquid
1136 2491 1237 2568 aliud

258 2608 446 2681 aridissimis
472 2611 702 2707 Hermagora:
720 2616 753 2684 δι
772 2611 979 2707 Apollodori
997 2610 1092 2685 libris
1110 2613 1238 2708 praeci-

259 2728 363 2825 pitur‚
382 2729 417 2800 in
434 2731 565 2802 honore
582 2751 674 2802 erat:
695 2729 789 2826 quod
807 2733 828 2802 fi
844 2729 919 2826 quis
936 2731 1098 2802 odoratus
1115 2732 1235 2826 philo-

257 2848 425 2944 sophiam,
443 2869 547 2945 atque
569 2875 612 2922 ex
631 2852 669 2921 ea
688 2850 806 2922 locum
827 2848 978 2945 aliquem
994 2849 1141 2922 orationi
1163 2852 1236 2926 suae

257 2968 425 3057 insereret,
451 2969 486 3040 in
510 2970 634 3041 caelum
658 2968 816 3040 laudibus
839 2968 1018 3042 ferebatur.
1067 2971 1146 3043 Nec
1163 2998 1235 3045 nu-

258 3113 359 3159 rum:
386 3106 480 3158 erant
497 3085 590 3157 enim
615 3088 688 3159 haec
705 3091 840 3158 nova&
858 3087 1054 3185 incognita:
1084 3094 1117 3161 δε
1140 3090 1234 3187 ipso-

257 3233 335 3279 turn
353 3230 494 3302 quoque
517 3224 689 3276 oratorum
707 3205 891 3301 pauciffimi
917 3227 1088 3303 praecepta
1111 3209 1231 3282 rheto-

257 3351 348 3414 rum,
361 3345 418 3396 aut
431 3322 713 3419 philosophorum
729 3324 867 3419 placita,
882 3347 1125 3423 cognoverant.
1177 3334 1231 3403 At

254 3445 393 3517 hercule
411 3440 703 3540 pervulgatisjam
721 3445 896 3534 omnibus,
923 3445 1003 3517 cum
1020 3444 1080 3518 vix
1096 3444 1131 3516 in
1147 3471 1226 3520 cor·

254 3564 323 3635 tina
341 3563 519 3660 quisquam
540 3563 687 3649 adsistat,
706 3561 766 3657 qui
783 3563 959 3635 elementis
981 3563 1172 3637 studiorum
1192 3568 1227 3638 δι

255 3687 277 3754 si
296 3709 363 3753 non
382 3682 573 3769 instructus,
600 3702 632 3752 at
650 3681 737 3752 certe
754 3681 908 3754 imbutus
925 3685 976 3770 fit,
990 3681 1089 3754 novis
1107 3688 1140 3755 δι
1158 3708 1223 3754 ex·

255 3800 383 3894 quisuis
409 3800 610 3894 eloquentiae
638 3798 814 3871 itineribus
839 3825 926 3896 opus
955 3800 1018 3888 est,
1052 3825 1114 3895 per
1140 3827 1221 3897 quae

253 3937 366 3990 orator
387 3917 562 3991 fastidium
579 3918 713 3992 aurium
727 3917 881 4017 effugiat,
904 3917 1022 4017 utique
1045 3920 1138 4017 apud
1162 3942 1223 3992 eos
