3000 5144
273 570 312 615 12
474 540 518 611 C.
555 536 802 611 Conussrr
835 532 1017 609 Tacrr'r

264 713 383 809 saepius
401 715 526 809 vulgus
544 710 757 807 imperitum,
777 713 809 782 &
828 709 1001 783 tunicatus
1017 708 1080 781 hic
1095 711 1258 807 populus

264 830 471 903 transeuntes
498 832 639 903 nomine
665 850 778 917 vocat,
808 828 970 925 &digito
994 830 1254 901 demonstrat?

264 950 423 1021 lldreuae
442 974 583 1045 quocpre
608 954 641 1019 δι
670 948 853 1045 peregrini,
877 946 949 1041 jam
974 946 1010 1018 in
1040 946 1255 1043 municipiis

264 1074 297 1141 δι
316 1068 460 1139 coloniis
478 1066 543 1139 suis
559 1067 706 1155 auditos,
732 1070 814 1140 cum
832 1066 984 1162 primirm
1003 1068 1148 1137 Urbem
1166 1066 1252 1137 atti-

264 1208 402 1283 gerunt,
432 1186 620 1283 requirunt,
642 1210 682 1257 ac
706 1186 821 1258 vultus
846 1183 1031 1281 agnoscere
1057 1186 1251 1281 concupis·

263 1328 358 1377 cuut.

314 1428 408 1497 Vlll.
427 1430 557 1496 Aestas
571 1424 791 1512 contendere,
805 1425 1014 1496 Marcellum
1028 1424 1126 1497 hunc
1140 1424 1246 1519 Epri-

266 1570 341 1631 um,
367 1546 500 1639 dequo
518 1542 625 1614 modo
643 1544 777 1614 locutus
793 1540 882 1629 sum,
908 1539 1125 1637 &Crispum
1143 1542 1247 1615 Vibi-

265 1690 326 1735 um
352 1662 531 1755 (libentiirs
548 1660 640 1732 enim
658 1660 758 1731 noris
775 1660 811 1729 δι
829 1658 1033 1748 recentibus,
1059 1662 1171 1755 quam
1189 1688 1246 1733 re·

264 1782 367 1854 motis
383 1779 620 1851 &obliteratis
637 1778 805 1875 exemplis
822 1780 918 1869 utor)
937 1802 1008 1848 non
1038 1778 1159 1851 minias
1176 1784 1246 1853 elle

264 1898 298 1969 in
323 1898 486 1971 extremis
503 1896 657 1992 partibus
673 1918 849 1986 terrarum,
876 1897 982 1993 quam
1008 1896 1154 1991 Capuae,
1180 1926 1226 1973 au

262 2018 439 2103 Vercellis,
464 2016 525 2089 ubi
548 2016 618 2087 nati
634 2016 821 2089 dicuntur:
856 2039 918 2089 nec
935 2016 1002 2087 hoc
1027 2016 1077 2087 illi
1095 2018 1241 2091 alterive

261 2154 314 2206 ter
340 2136 462 2206 millies
488 2133 673 2207 sestertium
692 2134 835 2229 praestat,
864 2160 1077 2229 quamquam
1102 2138 1149 2208 ad
1179 2140 1241 2211 has

264 2250 350 2347 ipsas
367 2278 450 2347 opes
467 2254 604 2345 poliunt
621 2251 730 2323 videri
752 2252 955 2348 eloquentiae
978 2254 1149 2327 beneficio
1178 2282 1238 2329 re-

262 2370 361 2458 nill'e,
380 2370 437 2440 secl
459 2368 528 2463 ipsa
545 2370 758 2464 eloquentia,
784 2368 881 2467 cujus
898 2395 1026 2442 numen
1042 2372 1079 2443 δι
1096 2376 1240 2449 caelestis

262 2488 314 2560 ris
332 2487 441 2560 rrurlta
454 2486 595 2582 quidem
610 2488 773 2561 omnibus
789 2488 919 2562 saeculis
937 2493 1098 2586 exempla
1110 2493 1236 2584 edidit,

260 2608 307 2679 ad
323 2627 485 2703 quantam
503 2603 609 2701 usque
632 2604 806 2679 fortunam
824 2608 980 2680 homines
1003 2608 1134 2705 ingenii
1153 2612 1235 2685 viri-

262 2730 325 2799 lius
344 2724 569 2822 pervenerint.
619 2727 685 2797 Sed
713 2727 801 2813 lraec,
827 2746 864 2799 ut
887 2724 986 2823 sopri
1014 2728 1102 2816 dixi,
1126 2754 1236 2824 prox·

262 2848 345 2933 ima,
372 2852 408 2915 ἂ
426 2870 503 2940 quae
532 2870 602 2916 uon
630 2844 747 2916 auditu
765 2844 1015 2941 cognoscenda,
1040 2846 1096 2917 sed
1125 2850 1237 2922 oculis

260 2964 443 3059 l'pec‘landa
460 2966 675 3035 haberemus.
725 2965 820 3033 Nam
838 2964 908 3058 qud
926 2964 1092 3037 sordidiirs
1118 2969 1154 3037 ἃ*
1171 2972 1235 3041 ab·

254 3082 380 3178 jediirs
408 3082 477 3153 nati
503 3081 590 3168 l'urrt,
618 3082 756 3177 quoque
784 3083 969 3155 notabilior
987 3106 1168 3179 paupertas
1195 3088 1236 3159 dc

261 3200 419 3297 angullia
447 3226 558 3271 rerum
577 3197 748 3271 nascentes
771 3226 829 3273 eos
853 3202 1157 3294 citctunlleterunt,
1188 3210 1234 3279 ed

258 3320 413 3405 clariora,
445 3322 476 3389 ἃ
504 3321 547 3389 ad
566 3319 865 3392 demonstrandam
889 3322 1044 3395 oratoriae
1066 3326 1234 3419 eloquen-

262 3438 318 3508 riae
336 3437 516 3508 utilitatem
534 3437 724 3509 inlustriora
747 3442 909 3534 exempla
929 3440 1027 3512 sunt:
1054 3442 1148 3537 quod
1165 3450 1235 3519 line

262 3556 564 3628 connnernlatione
589 3556 765 3644 natalium,
795 3560 861 3628 line
888 3556 1068 3631 substantii
1091 3561 1234 3635 faculta-

261 3696 351 3762 tum,
378 3696 496 3746 neuter
513 3674 667 3745 moribus
695 3676 868 3771 egregius,
893 3678 978 3748 alter
999 3678 1116 3751 habitu
1142 3708 1231 3776 quo·

261 3819 329 3887 quc
347 3794 498 3887 corporis
522 3814 753 3889 contemptus,
783 3821 844 3890 per
871 3798 998 3867 multos
1022 3794 1096 3892 jam
1124 3826 1234 3874 annos

262 3911 483 4005 potentillimi
502 3910 577 3983 sunt
594 3912 754 4005 ciuitatis,
780 3940 834 4007 ac,
862 3916 974 3988 donec
994 3916 1108 4008 libuit,
1136 3919 1231 4015 prin-
