3000 5144
334 570 341 583 .
429 510 1042 584 HrsronrnnuuL'rnv.
1164 533 1232 608 333

262 685 291 724 “
310 705 503 753 memores:
532 681 633 753 illum
657 682 750 754 diem
774 702 833 754 aut
857 683 1131 780 gloriosissimum
1150 682 1237 754 inter

261 808 288 842 “
308 799 463 896 majores,
482 820 541 871 aut
558 800 829 897 ignominiosum
848 803 940 896 apud
961 802 1112 896 posteros
1129 800 1238 873 sore.’'

261 920 337 991 Ubi
366 918 448 990 sono
477 944 654 990 armorum
687 918 913 1015 tripudiisque
953 920 1018 1014 (ira
1045 920 1112 993 illis
1140 917 1235 1012 mos)

260 1040 449 1134 adprobata
478 1036 553 1109 sunt
582 1037 688 1124 dieta,
715 1037 814 1125 saxis,
843 1039 1110 1135 glandibusque,
1131 1044 1163 1111 δι
1182 1062 1237 1111 ce-

261 1159 340 1229 teris
374 1156 554 1230 missilibus
583 1156 745 1251 proelium
774 1156 961 1251 incipitur3
991 1183 1105 1253 neque
1126 1159 1239 1230 nostro

261 1276 371 1348 milite
390 1275 555 1370 paludem
580 1274 812 1370 ingrediente,
840 1279 873 1346 δι
899 1276 1096 1366 Germanis,
1124 1296 1161 1350 ut
1177 1276 1236 1348 eli-

261 1417 390 1480 cerent,
410 1392 656 1465 lacessentibus.

312 1515 445 1585 XVIII.
473 1518 717 1599 Ansunrnrrs,
750 1537 827 1608 quae
854 1511 1042 1610 jaciuntur,
1067 1518 1100 1586 ὅτ
1130 1513 1239 1587 ardes·

264 1653 363 1706 cente
391 1634 522 1728 pugna,
555 1630 755 1725 procursum
783 1633 828 1704 ab
855 1631 952 1703 hoste
977 1632 1150 1707 infestius:
1173 1634 1239 1705 im-

263 1754 386 1823 mensis
412 1748 633 1845 corporibus,
657 1754 689 1821 &
719 1750 905 1847 praelongis
925 1751 1025 1823 hastis
1047 1752 1241 1825 fluitantem

264 1873 510 1967 labantemque
539 1869 683 1942 militem
711 1869 845 1941 eminus
867 1869 1067 1943 fodiebant:
1100 1872 1242 1944 simule

264 1989 369 2077 mole,
390 2014 497 2084 quam
515 1988 676 2060 coneum
691 1986 727 2058 in
745 1988 913 2060 Rhenum
930 1988 1121 2078 retulimus,
1135 1992 1240 2063 Bruc-

264 2127 418 2180 terorum
437 2132 566 2179 cuneus
585 2105 786 2178 tranatavit:
807 2109 945 2179 turbata
962 2107 1010 2180 ibi
1027 2133 1098 2180 res:
1119 2113 1152 2181 dc
1166 2110 1240 2205 pel·

264 2227 398 2298 lebatur
426 2224 594 2299 sociarum
626 2225 825 2299 cohortium
850 2225 954 2314 acies,
981 2227 1062 2299 cum
1088 2228 1243 2324 legiones

205 2389 209 2398 ·
264 2370 423 2442 pugnam
439 2344 634 2440 excipiunt,
661 2343 903 2440 suppressaque
928 2345 1075 2418 hostiurn
1101 2345 1241 2438 ferocis,

265 2464 428 2560 proelium
461 2484 627 2559 aquatur.
684 2466 777 2535 Inter
811 2489 889 2558 quae
925 2463 1070 2561 perfuga
1100 2468 1245 2539 Batavus

264 2582 348 2654 adiit
372 2582 557 2671 Cerialem,
585 2590 612 2624 “
630 2601 728 2679 terga
742 2581 918 2653 hostium''
935 2584 1149 2677 promittens,
1181 2590 1245 2658 “fi

269 2709 296 2742 “
316 2720 475 2773 extremo
492 2700 628 2796 paludis
645 2725 750 2797 eques
767 2700 982 2771 mitteretur:
1004 2700 1151 2774 solidum
1171 2703 1244 2793 illa,

269 2825 299 2862 “
319 2824 351 2890 ὃ(
371 2822 570 2914 Gugernos,
591 2819 716 2915 quibus
733 2818 890 2891 custodia
905 2819 1108 2909 obvenisset,
1123 2846 1246 2917 parum

268 2945 295 2981 “
315 2938 499 3010 intentos.”
547 2940 639 3010 Duae
664 2939 740 3026 alae,
767 2963 850 3010 cum
878 2934 1025 3033 perfugd
1051 2937 1171 3027 misia,
1195 2938 1245 3010 in-

266 3077 368 3130 cauto
394 3056 484 3129 hosti
510 3053 854 3130 circumfunduntur:
887 3056 981 3151 quod
1007 3056 1067 3128 ubi
1095 3057 1247 3131 clamore

268 3176 473 3272 cognitum3
506 3175 658 3271 legiones
682 3200 702 3246 a
725 3171 839 3248 fronte
859 3174 1062 3263 incubuere,
1092 3178 1247 3272 pulsique

270 3294 437 3366 Germani
456 3295 624 3366 Rhenum
639 3293 723 3390 suga
740 3297 912 3387 petebant.
962 3294 1188 3366 Debellatum
1205 3321 1248 3369 eo

271 3411 330 3483 die
354 3411 453 3500 soret,
473 3416 495 3483 si
513 3415 675 3485 Romana
694 3413 798 3484 classls
815 3410 909 3507 sequi
934 3414 1141 3484 maturasset.
1191 3417 1250 3488 Ne

272 3556 378 3627 eques
404 3531 548 3627 quidem
573 3529 706 3620 institit,
737 3531 878 3627 repente
902 3528 980 3602 susis
1003 3528 1187 3621 imbribus,
1214 3538 1248 3606 ὅτ

272 3649 471 3745 propinqua
484 3651 595 3721 noste.

319 3769 421 3839 XIX.
448 3769 629 3841 Posrtrrtn
647 3769 719 3856 die,
746 3767 1004 3866 quartadecima
1029 3767 1121 3862 legio
1144 3767 1179 3837 in
1197 3767 1250 3841 su·

274 3886 444 3982 periorem
463 3884 683 3985 provinciam
700 3888 804 3961 Gallo
822 3885 943 3961 Annio
959 3885 1056 3959 missa
1070 3913 1092 3959 z>
1110 3886 1251 3960 Cerialis
