3000 5144
392 490 782 579 Hrsro'nrnnuu
819 504 926 576 Lru.
968 503 997 575 Ι.
1119 520 1164 597 33

199 678 231 721 ⁴⁴
248 679 317 752 His
345 679 501 775 auspiciis
519 683 654 752 Urbem
672 680 851 779 ingressus,
882 704 989 775 quam
1019 678 1167 775 gloriam

203 798 292 868 “ad
322 790 560 892 principatum
592 799 716 886 attulit,
747 802 805 871 nisr
839 799 938 872 occis
968 795 1167 869 Obultronii

203 920 230 956 ⁴⁴
247 914 377 1002 Sabini,
396 919 429 986 δι
445 916 596 988 Cornelii
612 917 772 988 Marcelli
800 916 834 987 in
863 914 1045 1009 Hispania,
1069 910 1168 984 Betui

203 1039 230 1073 ⁴⁴
248 1033 405 1107 Chilonis
421 1034 457 1104 in
474 1033 602 1122 Gallia,
620 1033 756 1105 Fonteii
773 1033 952 1129 Capitonis
968 1032 1003 1103 in
1021 1035 1168 1103 Genna—

202 1156 229 1190 ⁴⁴
247 1149 315 1239 nia,
346 1150 462 1222 Clodii
479 1151 594 1223 Macri
620 1151 656 1222 in
684 1150 815 1237 Africa,
842 1149 1005 1246 Cingonii
1034 1150 1069 1220 in
1097 1150 1168 1238 via,

201 1274 229 1309 ⁴⁴
246 1267 439 1362 Turpiliani
456 1268 490 1340 in
507 1271 621 1358 Urbe,
640 1268 849 1365 Nymphidii
866 1269 900 1339 in
920 1267 1054 1340 castris?
1077 1272 1169 1365 Qrae

202 1390 228 1426 ⁴⁴
247 1387 390 1481 usquam
409 1385 600 1481 provincia,
622 1412 700 1483 quae
717 1387 821 1459 castra
837 1386 926 1475 sunt,
952 1388 1012 1458 nifi
1029 1407 1171 1458 cruenta

201 1509 280 1576 ⁴⁴&
300 1506 496 1577 maculata?
523 1517 596 1593 aut,
623 1524 662 1576 ut
683 1504 753 1601 ipse
782 1505 954 1601 praedicat,
987 1505 1169 1577 emendata

202 1627 229 1662 ⁴⁴
249 1625 281 1693 δι
301 1625 474 1696 correcta?
504 1626 602 1694 Nam
629 1649 708 1719 quae
736 1623 793 1695 alii
820 1623 957 1711 scelera,
984 1623 1041 1694 hic
1059 1647 1169 1694 reme·

204 1740 305 1813 “dia
335 1762 453 1814 vocat:
488 1743 575 1813 dum
602 1739 691 1813 falsis
719 1740 931 1829 nominibus,
958 1741 1169 1814 severitatem

202 1864 230 1899 ‘⁴
249 1883 313 1954 pro
329 1857 468 1948 savitib,
492 1858 735 1954 parsimoniam
752 1884 817 1955 pro
834 1859 987 1948 avaritil,
1001 1858 1170 1955 supplicia

201 1980 283 2048 ⁴⁴&
321 1978 547 2050 contumelias
580 1977 721 2066 vestras,
763 1976 980 2073 disciplinam
1005 1979 1166 2074 appellat.

201 2101 229 2136 ‘⁴
246 2097 385 2190 Septem
401 2122 421 2168 a
438 2095 585 2168 Neronis
602 2098 672 2169 fine
689 2094 819 2168 menses
836 2094 926 2184 sunt,
951 2093 1072 2191 &jam
1091 2098 1169 2191 plus

201 2220 229 2256 ⁴⁴
246 2213 356 2310 rapuit
372 2215 496 2303 lcelus,
514 2215 622 2310 quim
640 2216 735 2311 quod
752 2214 935 2309 Polycleti,
965 2219 998 2287 ἃ
1023 2214 1167 2305 Vatinii,

201 2337 280 2404 ⁴⁴&
309 2332 421 2421 Helii,
453 2338 486 2405 a
515 2333 640 2406 Haloti
668 2353 884 2428 paraverunt.
928 2332 1070 2406 Minore
1087 2358 1168 2406 ava-

200 2455 227 2491 ⁴⁴
246 2449 324 2522 ritiai
340 2476 380 2523 ae
397 2450 536 2523 licentia
555 2452 718 2547 grassatus
727 2453 815 2523 ’esset
831 2453 877 2522 T.
894 2450 1030 2539 Vinius,
1061 2451 1169 2547 sripse

198 2574 226 2609 ⁴⁴
243 2566 456 2663 imperasset:
478 2593 583 2654 ‚nunc
602 2572 634 2639 δι
653 2566 822 2664 subjectos
838 2594 901 2641 nos
918 2570 1054 2658 habuit,
1078 2590 1167 2642 tarn·

201 2692 228 2727 ⁴⁴
247 2711 353 2781 quarn
370 2684 464 2758 suos:
494 2691 526 2759 δι
556 2685 652 2774 viles,
682 2706 720 2757 ut
737 2687 876 2760 alienos.
928 2690 1010 2760 Una
1028 2688 1085 2759 illa
1102 2689 1167 2760 do·

200 2810 228 2846 ⁴⁴
246 2829 322 2877 mus
354 2802 477 2876 sufficit
510 2802 691 2892 donativ0,
725 2806 821 2901 quod
849 2804 949 2877 vobis
974 2831 1168 2901 numquam

198 2928 227 2963 ⁴⁴
243 2922 355 3009 datur,
384 2927 417 2994 &
443 2923 599 3019 quotidie
623 2926 887 3018 exprobratur.'’

137 3106 144 3114 .
244 3042 449 3113 XXXVlll.
477 3049 504 3083 ⁴⁴
524 3047 581 3112 Ac
610 3066 654 3112 ne
680 3067 749 3137 qua
776 3041 894 3114 saltem
920 3043 956 3114 in
983 3041 1166 3115 successore

201 3165 227 3200 ⁴⁴
246 3161 368 3230 Galbae
384 3159 457 3255 spes
475 3162 568 3246 esset,
587 3162 714 3231 arceffit
733 3162 777 3231 ab
794 3160 923 3247 exfili0‚
943 3185 1049 3255 quem
1065 3161 1167 3232 tristi·

199 3283 227 3317 ⁴⁴
246 3277 290 3349 tia
309 3282 342 3348 δι
360 3275 569 3350 avaritiasui
592 3276 1004 3373 srmillirnumjudicabat.
1054 3278 1167 3350 Vidis-

199 3402 226 3436 ⁴⁴
244 3395 300 3483 tis,
332 3393 598 3483 commilitones,
635 3395 777 3467 notabili
811 3395 1023 3488 tempestate,
1064 3397 1168 3472 etiam

199 3514 328 3584 “deos
361 3510 540 3585 infaustam
567 3513 793 3608 adoptionem
820 3511 1018 3585 aversantes.
1068 3517 1167 3589 ldem

199 3638 226 3673 ⁴⁴
245 3629 390 3718 senatus,
410 3630 504 3703 idem
522 3630 642 3726 populi
660 3630 813 3702 Romani
831 3629 964 3702 animus
981 3631 1039 3703 est.
1086 3634 1168 3707 Ves-

199 3756 227 3789 ⁴⁴
245 3768 296 3821 tra
312 3748 418 3820 virtus
435 3746 659 3844 exspeslatur,
686 3750 780 3844 apud
797 3775 882 3844 quos
915 3776 1019 3822 omne
1046 3754 1167 3827 hones·

199 3871 227 3908 ⁴⁴
245 3864 288 3938 tis
301 3866 444 3940 consiliis
462 3868 578 3957 robur,
599 3871 632 3939 δι
651 3870 719 3940 fine
737 3866 877 3964 quibus,
895 3869 1052 3964 quamvis
1071 3897 1165 3968 egre-
