<?xml version="1.0" encoding="UTF-8"?>
<!DOCTYPE html PUBLIC "-//W3C//DTD XHTML 1.0 Transitional//EN"
    "http://www.w3.org/TR/xhtml1/DTD/xhtml1-transitional.dtd">
<html xmlns="http://www.w3.org/1999/xhtml" xml:lang="en" lang="en">
 <head>
  <title>
</title>
<meta http-equiv="Content-Type" content="text/html;charset=utf-8" />
  <meta name='ocr-system' content='tesseract 3.04.00' />
  <meta name='ocr-capabilities' content='ocr_page ocr_carea ocr_par ocr_line ocrx_word'/>
</head>
<body>
  <div class='ocr_page' id='page_1' title='image "./ccorneliitaciti02ernegoog_0387.png"; bbox 0 0 3000 5144; ppageno 0'>
   <div class='ocr_carea' id='block_1_1' title="bbox 400 543 1226 633">
    <p class='ocr_par' dir='ltr' id='par_1_1' title="bbox 400 543 1226 633">
     <span class='ocr_line' id='line_1_1' title="bbox 400 543 1226 633; baseline -0.005 -14"><span class='ocrx_word' id='word_1_1' title='bbox 400 543 647 619; x_wconf 68' lang='lat' dir='ltr'>Drahonus</span> <span class='ocrx_word' id='word_1_2' title='bbox 683 567 739 614; x_wconf 80' lang='lat' dir='ltr'>nr</span> <span class='ocrx_word' id='word_1_3' title='bbox 774 544 1092 615; x_wconf 77' lang='lat' dir='ltr'>Onnroaraus.</span> <span class='ocrx_word' id='word_1_4' title='bbox 1182 567 1226 633; x_wconf 91' lang='lat'>41</span> 
     </span>
    </p>
   </div>
   <div class='ocr_carea' id='block_1_2' title="bbox 262 719 1278 937">
    <p class='ocr_par' dir='ltr' id='par_1_2' title="bbox 262 719 1278 937">
     <span class='ocr_line' id='line_1_2' title="bbox 263 719 1278 819; baseline -0.002 -23"><span class='ocrx_word' id='word_1_5' title='bbox 263 719 421 818; x_wconf 87' lang='lat' dir='ltr'>cupidos,</span> <span class='ocrx_word' id='word_1_6' title='bbox 437 726 502 795; x_wconf 85' lang='lat' dir='ltr'>five</span> <span class='ocrx_word' id='word_1_7' title='bbox 519 725 613 819; x_wconf 88' lang='lat' dir='ltr'>apud</span> <span class='ocrx_word' id='word_1_8' title='bbox 626 722 831 811; x_wconf 88' lang='lat' dir='ltr'>invidentes,</span> <span class='ocrx_word' id='word_1_9' title='bbox 847 728 913 795; x_wconf 79' lang='lat' dir='ltr'>sive</span> <span class='ocrx_word' id='word_1_10' title='bbox 926 725 1017 819; x_wconf 89' lang='lat' dir='ltr'>apud</span> <span class='ocrx_word' id='word_1_11' title='bbox 1032 722 1154 811; x_wconf 90' lang='lat' dir='ltr'>tristes,</span> <span class='ocrx_word' id='word_1_12' title='bbox 1167 727 1234 795; x_wconf 84' lang='lat' dir='ltr'>five</span> <span class='ocrx_word' id='word_1_13' title='bbox 1272 752 1278 758; x_wconf 90' lang='lat'><strong>·</strong></span> 
     </span>
     <span class='ocr_line' id='line_1_3' title="bbox 262 841 1237 937; baseline 0.001 -25"><span class='ocrx_word' id='word_1_14' title='bbox 262 842 358 937; x_wconf 88' lang='lat' dir='ltr'>apud</span> <span class='ocrx_word' id='word_1_15' title='bbox 375 841 531 913; x_wconf 90' lang='lat' dir='ltr'>timentes</span> <span class='ocrx_word' id='word_1_16' title='bbox 545 842 732 914; x_wconf 86' lang='lat' dir='ltr'>dicendum</span> <span class='ocrx_word' id='word_1_17' title='bbox 751 843 921 930; x_wconf 90' lang='lat' dir='ltr'>habuerit,</span> <span class='ocrx_word' id='word_1_18' title='bbox 940 843 1068 914; x_wconf 85' lang='lat' dir='ltr'>tenebit</span> <span class='ocrx_word' id='word_1_19' title='bbox 1086 844 1237 914; x_wconf 78' lang='lat' dir='ltr'>habenas</span> 
     </span>
    </p>
   </div>
   <div class='ocr_carea' id='block_1_3' title="bbox 145 956 1234 1057">
    <p class='ocr_par' dir='ltr' id='par_1_3' title="bbox 145 956 1234 1057">
     <span class='ocr_line' id='line_1_4' title="bbox 145 956 1234 1057; baseline 0.001 -27"><span class='ocrx_word' id='word_1_20' title='bbox 145 956 148 964; x_wconf 75' lang='grc'><strong>’</strong></span> <span class='ocrx_word' id='word_1_21' title='bbox 260 959 475 1031; x_wconf 79' lang='lat' dir='ltr'>animorum:</span> <span class='ocrx_word' id='word_1_22' title='bbox 506 964 664 1056; x_wconf 88' lang='lat' dir='ltr'>&amp;prout</span> <span class='ocrx_word' id='word_1_23' title='bbox 696 959 857 1057; x_wconf 86' lang='lat' dir='ltr'>cujusque</span> <span class='ocrx_word' id='word_1_24' title='bbox 887 979 1006 1032; x_wconf 89' lang='lat' dir='ltr'>natura</span> <span class='ocrx_word' id='word_1_25' title='bbox 1033 959 1234 1055; x_wconf 87' lang='lat' dir='ltr'>postulabit,</span> 
     </span>
    </p>
   </div>
   <div class='ocr_carea' id='block_1_4' title="bbox 261 1079 1273 4025">
    <p class='ocr_par' dir='ltr' id='par_1_4' title="bbox 261 1079 1273 3667">
     <span class='ocr_line' id='line_1_5' title="bbox 263 1079 1238 1175; baseline -0.002 -23"><span class='ocrx_word' id='word_1_26' title='bbox 263 1079 442 1152; x_wconf 80' lang='lat' dir='ltr'>adhibebit</span> <span class='ocrx_word' id='word_1_27' title='bbox 460 1105 618 1168; x_wconf 88' lang='lat' dir='ltr'>manum,</span> <span class='ocrx_word' id='word_1_28' title='bbox 634 1084 667 1151; x_wconf 86' lang='lat'>&amp;</span> <span class='ocrx_word' id='word_1_29' title='bbox 685 1079 891 1175; x_wconf 87' lang='lat' dir='ltr'>temperabit</span> <span class='ocrx_word' id='word_1_30' title='bbox 904 1080 1105 1166; x_wconf 89' lang='lat' dir='ltr'>orationem,</span> <span class='ocrx_word' id='word_1_31' title='bbox 1120 1099 1238 1175; x_wconf 86' lang='lat' dir='ltr'>parato</span> 
     </span>
     <span class='ocr_line' id='line_1_6' title="bbox 262 1196 1237 1294; baseline 0.001 -25"><span class='ocrx_word' id='word_1_32' title='bbox 262 1198 359 1269; x_wconf 91' lang='lat' dir='ltr'>omni</span> <span class='ocrx_word' id='word_1_33' title='bbox 387 1197 628 1284; x_wconf 89' lang='lat' dir='ltr'>instrumento,</span> <span class='ocrx_word' id='word_1_34' title='bbox 655 1200 689 1267; x_wconf 84' lang='lat'>&amp;</span> <span class='ocrx_word' id='word_1_35' title='bbox 717 1201 760 1270; x_wconf 89' lang='lat' dir='ltr'>ad</span> <span class='ocrx_word' id='word_1_36' title='bbox 789 1224 930 1270; x_wconf 92' lang='lat' dir='ltr'>omnem</span> <span class='ocrx_word' id='word_1_37' title='bbox 956 1196 1053 1270; x_wconf 90' lang='lat' dir='ltr'>usum</span> <span class='ocrx_word' id='word_1_38' title='bbox 1082 1201 1237 1294; x_wconf 76' lang='lat' dir='ltr'>reposito.</span> 
     </span>
     <span class='ocr_line' id='line_1_7' title="bbox 261 1316 1240 1412; baseline 0.001 -24"><span class='ocrx_word' id='word_1_39' title='bbox 261 1318 348 1388; x_wconf 87' lang='lat' dir='ltr'>Sunt</span> <span class='ocrx_word' id='word_1_40' title='bbox 364 1316 457 1412; x_wconf 92' lang='lat' dir='ltr'>apud</span> <span class='ocrx_word' id='word_1_41' title='bbox 468 1341 556 1412; x_wconf 91' lang='lat' dir='ltr'>quos</span> <span class='ocrx_word' id='word_1_42' title='bbox 570 1316 780 1404; x_wconf 56' lang='lat' dir='ltr'>adstrictum,</span> <span class='ocrx_word' id='word_1_43' title='bbox 795 1321 828 1388; x_wconf 85' lang='lat'>&amp;</span> <span class='ocrx_word' id='word_1_44' title='bbox 846 1317 1042 1406; x_wconf 69' lang='lat' dir='ltr'>colledum‚</span> <span class='ocrx_word' id='word_1_45' title='bbox 1057 1320 1090 1388; x_wconf 74' lang='grc' dir='ltr'>δι</span> <span class='ocrx_word' id='word_1_46' title='bbox 1108 1318 1240 1412; x_wconf 75' lang='lat' dir='ltr'>singula</span> 
     </span>
     <span class='ocr_line' id='line_1_8' title="bbox 262 1435 1238 1532; baseline -0.001 -26"><span class='ocrx_word' id='word_1_47' title='bbox 262 1435 372 1506; x_wconf 88' lang='lat' dir='ltr'>statim</span> <span class='ocrx_word' id='word_1_48' title='bbox 390 1455 591 1530; x_wconf 85' lang='lat' dir='ltr'>argumenta</span> <span class='ocrx_word' id='word_1_49' title='bbox 614 1437 826 1509; x_wconf 85' lang='lat' dir='ltr'>concludens</span> <span class='ocrx_word' id='word_1_50' title='bbox 850 1435 986 1507; x_wconf 89' lang='lat' dir='ltr'>dicendi</span> <span class='ocrx_word' id='word_1_51' title='bbox 1011 1459 1133 1532; x_wconf 84' lang='lat' dir='ltr'>genus,</span> <span class='ocrx_word' id='word_1_52' title='bbox 1160 1435 1238 1530; x_wconf 87' lang='lat' dir='ltr'>plus</span> 
     </span>
     <span class='ocr_line' id='line_1_9' title="bbox 265 1552 1239 1650; baseline 0.001 -25"><span class='ocrx_word' id='word_1_53' title='bbox 265 1552 347 1625; x_wconf 85' lang='lat' dir='ltr'>fidei</span> <span class='ocrx_word' id='word_1_54' title='bbox 365 1573 538 1624; x_wconf 89' lang='lat' dir='ltr'>meretur:</span> <span class='ocrx_word' id='word_1_55' title='bbox 557 1555 650 1648; x_wconf 91' lang='lat' dir='ltr'>apud</span> <span class='ocrx_word' id='word_1_56' title='bbox 673 1556 735 1626; x_wconf 90' lang='lat' dir='ltr'>hos</span> <span class='ocrx_word' id='word_1_57' title='bbox 756 1554 884 1627; x_wconf 85' lang='lat' dir='ltr'>dediffe</span> <span class='ocrx_word' id='word_1_58' title='bbox 896 1579 1036 1650; x_wconf 87' lang='lat' dir='ltr'>operam</span> <span class='ocrx_word' id='word_1_59' title='bbox 1052 1552 1239 1626; x_wconf 70' lang='lat' dir='ltr'>dialedlicae</span> 
     </span>
     <span class='ocr_line' id='line_1_10' title="bbox 266 1671 1238 1769; baseline 0.003 -27"><span class='ocrx_word' id='word_1_60' title='bbox 266 1671 435 1767; x_wconf 87' lang='lat' dir='ltr'>proficiet.</span> <span class='ocrx_word' id='word_1_61' title='bbox 485 1671 586 1744; x_wconf 88' lang='lat' dir='ltr'>Alios</span> <span class='ocrx_word' id='word_1_62' title='bbox 610 1672 694 1761; x_wconf 86' lang='lat' dir='ltr'>fusa,</span> <span class='ocrx_word' id='word_1_63' title='bbox 726 1678 758 1745; x_wconf 76' lang='grc' dir='ltr'>δι</span> <span class='ocrx_word' id='word_1_64' title='bbox 788 1673 940 1769; x_wconf 77' lang='lat' dir='ltr'>aequalis,</span> <span class='ocrx_word' id='word_1_65' title='bbox 966 1677 999 1744; x_wconf 73' lang='grc' dir='ltr'>δι</span> <span class='ocrx_word' id='word_1_66' title='bbox 1016 1698 1060 1744; x_wconf 85' lang='lat' dir='ltr'>ex</span> <span class='ocrx_word' id='word_1_67' title='bbox 1078 1698 1238 1745; x_wconf 91' lang='lat' dir='ltr'>commu·</span> 
     </span>
     <span class='ocr_line' id='line_1_11' title="bbox 263 1788 1240 1888; baseline 0.005 -27"><span class='ocrx_word' id='word_1_68' title='bbox 263 1789 366 1862; x_wconf 88' lang='lat' dir='ltr'>nibus</span> <span class='ocrx_word' id='word_1_69' title='bbox 393 1790 498 1861; x_wconf 67' lang='lat' dir='ltr'>duda</span> <span class='ocrx_word' id='word_1_70' title='bbox 526 1788 672 1862; x_wconf 75' lang='lat' dir='ltr'>sensibus</span> <span class='ocrx_word' id='word_1_71' title='bbox 705 1795 828 1880; x_wconf 87' lang='lat' dir='ltr'>oratio,</span> <span class='ocrx_word' id='word_1_72' title='bbox 859 1791 969 1888; x_wconf 81' lang='lat' dir='ltr'>magis</span> <span class='ocrx_word' id='word_1_73' title='bbox 994 1792 1162 1864; x_wconf 66' lang='lat' dir='ltr'>deleslat:</span> <span class='ocrx_word' id='word_1_74' title='bbox 1193 1794 1240 1866; x_wconf 89' lang='lat' dir='ltr'>ad</span> 
     </span>
     <span class='ocr_line' id='line_1_12' title="bbox 264 1909 1239 2006; baseline 0.004 -27"><span class='ocrx_word' id='word_1_75' title='bbox 264 1909 328 1979; x_wconf 92' lang='lat' dir='ltr'>hos</span> <span class='ocrx_word' id='word_1_76' title='bbox 350 1909 606 2003; x_wconf 87' lang='lat' dir='ltr'>permovendos</span> <span class='ocrx_word' id='word_1_77' title='bbox 625 1911 861 1981; x_wconf 87' lang='lat' dir='ltr'>mutuabimur</span> <span class='ocrx_word' id='word_1_78' title='bbox 883 1936 903 1982; x_wconf 90' lang='lat' dir='ltr'>a</span> <span class='ocrx_word' id='word_1_79' title='bbox 927 1909 1157 2004; x_wconf 86' lang='lat' dir='ltr'>Peripateticis</span> <span class='ocrx_word' id='word_1_80' title='bbox 1178 1936 1239 2006; x_wconf 83' lang='lat' dir='ltr'>ap-</span> 
     </span>
     <span class='ocr_line' id='line_1_13' title="bbox 264 2025 1240 2124; baseline 0.003 -27"><span class='ocrx_word' id='word_1_81' title='bbox 264 2046 331 2114; x_wconf 90' lang='lat' dir='ltr'>tos,</span> <span class='ocrx_word' id='word_1_82' title='bbox 361 2032 394 2099; x_wconf 73' lang='grc' dir='ltr'>δι</span> <span class='ocrx_word' id='word_1_83' title='bbox 421 2026 458 2097; x_wconf 95' lang='lat' dir='ltr'>in</span> <span class='ocrx_word' id='word_1_84' title='bbox 475 2052 617 2098; x_wconf 92' lang='lat' dir='ltr'>omnem</span> <span class='ocrx_word' id='word_1_85' title='bbox 644 2025 909 2123; x_wconf 89' lang='lat' dir='ltr'>disputationem</span> <span class='ocrx_word' id='word_1_86' title='bbox 935 2048 1068 2124; x_wconf 88' lang='lat' dir='ltr'>paratos</span> <span class='ocrx_word' id='word_1_87' title='bbox 1084 2027 1159 2123; x_wconf 89' lang='lat' dir='ltr'>jam</span> <span class='ocrx_word' id='word_1_88' title='bbox 1188 2031 1240 2101; x_wconf 87' lang='lat' dir='ltr'>lo-</span> 
     </span>
     <span class='ocr_line' id='line_1_14' title="bbox 263 2146 1240 2244; baseline 0.001 -26"><span class='ocrx_word' id='word_1_89' title='bbox 263 2171 334 2218; x_wconf 86' lang='lat' dir='ltr'>cos.</span> <span class='ocrx_word' id='word_1_90' title='bbox 383 2147 529 2219; x_wconf 88' lang='lat' dir='ltr'>Dabunt</span> <span class='ocrx_word' id='word_1_91' title='bbox 547 2146 747 2219; x_wconf 83' lang='lat' dir='ltr'>Academici</span> <span class='ocrx_word' id='word_1_92' title='bbox 762 2147 1035 2244; x_wconf 85' lang='lat' dir='ltr'>pugnacitatem,</span> <span class='ocrx_word' id='word_1_93' title='bbox 1050 2149 1147 2219; x_wconf 86' lang='lat' dir='ltr'>Plato</span> <span class='ocrx_word' id='word_1_94' title='bbox 1164 2147 1240 2219; x_wconf 90' lang='lat' dir='ltr'>alti-</span> 
     </span>
     <span class='ocr_line' id='line_1_15' title="bbox 263 2264 1240 2363; baseline 0.004 -28"><span class='ocrx_word' id='word_1_95' title='bbox 263 2264 437 2352; x_wconf 89' lang='lat' dir='ltr'>tudinem,</span> <span class='ocrx_word' id='word_1_96' title='bbox 480 2268 679 2362; x_wconf 89' lang='lat' dir='ltr'>Xenophon</span> <span class='ocrx_word' id='word_1_97' title='bbox 704 2264 978 2363; x_wconf 88' lang='lat' dir='ltr'>jucunditatem:</span> <span class='ocrx_word' id='word_1_98' title='bbox 1019 2291 1064 2338; x_wconf 90' lang='lat' dir='ltr'>ne</span> <span class='ocrx_word' id='word_1_99' title='bbox 1097 2266 1240 2363; x_wconf 87' lang='lat' dir='ltr'>Epicuri</span> 
     </span>
     <span class='ocr_line' id='line_1_16' title="bbox 264 2383 1273 2482; baseline 0.006 -28"><span class='ocrx_word' id='word_1_100' title='bbox 264 2383 408 2479; x_wconf 92' lang='lat' dir='ltr'>quidem</span> <span class='ocrx_word' id='word_1_101' title='bbox 434 2387 467 2455; x_wconf 85' lang='lat'>&amp;</span> <span class='ocrx_word' id='word_1_102' title='bbox 496 2384 690 2456; x_wconf 90' lang='lat' dir='ltr'>Metrodori</span> <span class='ocrx_word' id='word_1_103' title='bbox 711 2385 865 2458; x_wconf 90' lang='lat' dir='ltr'>honestas</span> <span class='ocrx_word' id='word_1_104' title='bbox 882 2384 1046 2482; x_wconf 87' lang='lat' dir='ltr'>quasdam</span> <span class='ocrx_word' id='word_1_105' title='bbox 1068 2386 1241 2460; x_wconf 86' lang='lat' dir='ltr'>exclama·</span> <span class='ocrx_word' id='word_1_106' title='bbox 1268 2413 1273 2421; x_wconf 91' lang='lat'><em>·</em></span> 
     </span>
     <span class='ocr_line' id='line_1_17' title="bbox 263 2501 1239 2600; baseline 0.004 -27"><span class='ocrx_word' id='word_1_107' title='bbox 263 2502 374 2574; x_wconf 89' lang='lat' dir='ltr'>tiones</span> <span class='ocrx_word' id='word_1_108' title='bbox 407 2501 598 2590; x_wconf 88' lang='lat' dir='ltr'>adsumere,</span> <span class='ocrx_word' id='word_1_109' title='bbox 633 2502 767 2598; x_wconf 83' lang='lat' dir='ltr'>hisque,</span> <span class='ocrx_word' id='word_1_110' title='bbox 803 2526 904 2599; x_wconf 92' lang='lat' dir='ltr'>prout</span> <span class='ocrx_word' id='word_1_111' title='bbox 937 2530 987 2577; x_wconf 91' lang='lat' dir='ltr'>res</span> <span class='ocrx_word' id='word_1_112' title='bbox 1017 2504 1145 2600; x_wconf 91' lang='lat' dir='ltr'>poscet,</span> <span class='ocrx_word' id='word_1_113' title='bbox 1172 2505 1239 2595; x_wconf 89' lang='lat' dir='ltr'>uti,</span> 
     </span>
     <span class='ocr_line' id='line_1_18' title="bbox 263 2620 1240 2717; baseline 0.004 -25"><span class='ocrx_word' id='word_1_114' title='bbox 263 2620 416 2692; x_wconf 88' lang='lat' dir='ltr'>alienum</span> <span class='ocrx_word' id='word_1_115' title='bbox 432 2621 495 2692; x_wconf 89' lang='lat' dir='ltr'>erit</span> <span class='ocrx_word' id='word_1_116' title='bbox 513 2621 663 2692; x_wconf 86' lang='lat' dir='ltr'>oratori:</span> <span class='ocrx_word' id='word_1_117' title='bbox 690 2646 803 2716; x_wconf 91' lang='lat' dir='ltr'>neque</span> <span class='ocrx_word' id='word_1_118' title='bbox 820 2621 914 2692; x_wconf 94' lang='lat' dir='ltr'>enim</span> <span class='ocrx_word' id='word_1_119' title='bbox 931 2620 1117 2717; x_wconf 87' lang='lat' dir='ltr'>sapientem</span> <span class='ocrx_word' id='word_1_120' title='bbox 1134 2623 1240 2696; x_wconf 91' lang='lat' dir='ltr'>infor-</span> 
     </span>
     <span class='ocr_line' id='line_1_19' title="bbox 264 2738 1240 2837; baseline 0.003 -26"><span class='ocrx_word' id='word_1_121' title='bbox 264 2765 415 2826; x_wconf 88' lang='lat' dir='ltr'>mamus,</span> <span class='ocrx_word' id='word_1_122' title='bbox 439 2764 553 2835; x_wconf 90' lang='lat' dir='ltr'>neque</span> <span class='ocrx_word' id='word_1_123' title='bbox 568 2738 765 2811; x_wconf 87' lang='lat' dir='ltr'>Stoicorum</span> <span class='ocrx_word' id='word_1_124' title='bbox 784 2739 974 2827; x_wconf 89' lang='lat' dir='ltr'>civitatem,</span> <span class='ocrx_word' id='word_1_125' title='bbox 990 2739 1047 2812; x_wconf 89' lang='lat' dir='ltr'>sed</span> <span class='ocrx_word' id='word_1_126' title='bbox 1064 2766 1159 2829; x_wconf 90' lang='lat' dir='ltr'>eum,</span> <span class='ocrx_word' id='word_1_127' title='bbox 1179 2742 1240 2837; x_wconf 89' lang='lat' dir='ltr'>qui</span> 
     </span>
     <span class='ocr_line' id='line_1_20' title="bbox 266 2855 1239 2953; baseline 0.004 -25"><span class='ocrx_word' id='word_1_128' title='bbox 266 2882 337 2929; x_wconf 92' lang='lat' dir='ltr'>non</span> <span class='ocrx_word' id='word_1_129' title='bbox 351 2856 516 2953; x_wconf 87' lang='lat' dir='ltr'>quasdam</span> <span class='ocrx_word' id='word_1_130' title='bbox 533 2879 618 2930; x_wconf 86' lang='lat' dir='ltr'>artes</span> <span class='ocrx_word' id='word_1_131' title='bbox 634 2857 764 2944; x_wconf 88' lang='lat' dir='ltr'>audire,</span> <span class='ocrx_word' id='word_1_132' title='bbox 775 2855 832 2928; x_wconf 92' lang='lat' dir='ltr'>sed</span> <span class='ocrx_word' id='word_1_133' title='bbox 848 2881 969 2928; x_wconf 92' lang='lat' dir='ltr'>omnes</span> <span class='ocrx_word' id='word_1_134' title='bbox 986 2857 1167 2931; x_wconf 90' lang='lat' dir='ltr'>liberaliter</span> <span class='ocrx_word' id='word_1_135' title='bbox 1178 2861 1239 2932; x_wconf 92' lang='lat' dir='ltr'>de·</span> 
     </span>
     <span class='ocr_line' id='line_1_21' title="bbox 266 2974 1241 3075; baseline 0 -26"><span class='ocrx_word' id='word_1_136' title='bbox 266 2978 336 3049; x_wconf 89' lang='lat' dir='ltr'>bct.</span> <span class='ocrx_word' id='word_1_137' title='bbox 386 2978 542 3075; x_wconf 89' lang='lat' dir='ltr'>Ideoque</span> <span class='ocrx_word' id='word_1_138' title='bbox 561 2974 689 3073; x_wconf 88' lang='lat' dir='ltr'>&amp;juris</span> <span class='ocrx_word' id='word_1_139' title='bbox 705 2974 813 3048; x_wconf 92' lang='lat' dir='ltr'>civilis</span> <span class='ocrx_word' id='word_1_140' title='bbox 831 2974 1002 3047; x_wconf 90' lang='lat' dir='ltr'>scientiam</span> <span class='ocrx_word' id='word_1_141' title='bbox 1019 2994 1148 3048; x_wconf 89' lang='lat' dir='ltr'>veteres</span> <span class='ocrx_word' id='word_1_142' title='bbox 1164 3002 1241 3050; x_wconf 90' lang='lat' dir='ltr'>ora-</span> 
     </span>
     <span class='ocr_line' id='line_1_22' title="bbox 265 3093 1240 3192; baseline 0.003 -25"><span class='ocrx_word' id='word_1_143' title='bbox 265 3115 354 3168; x_wconf 91' lang='lat' dir='ltr'>tores</span> <span class='ocrx_word' id='word_1_144' title='bbox 366 3097 720 3192; x_wconf 91' lang='lat' dir='ltr'>comprehendebant,</span> <span class='ocrx_word' id='word_1_145' title='bbox 740 3098 773 3166; x_wconf 69' lang='grc' dir='ltr'>ὅ(</span> <span class='ocrx_word' id='word_1_146' title='bbox 792 3093 1032 3192; x_wconf 56' lang='lat' dir='ltr'>grammatica,</span> <span class='ocrx_word' id='word_1_147' title='bbox 1046 3098 1186 3184; x_wconf 64' lang='lat' dir='ltr'>musrcfi,</span> <span class='ocrx_word' id='word_1_148' title='bbox 1206 3102 1240 3170; x_wconf 76' lang='grc' dir='ltr'>δι</span> 
     </span>
     <span class='ocr_line' id='line_1_23' title="bbox 268 3213 1242 3312; baseline 0.004 -27"><span class='ocrx_word' id='word_1_149' title='bbox 268 3216 457 3312; x_wconf 59' lang='lat' dir='ltr'>geometri&amp;</span> <span class='ocrx_word' id='word_1_150' title='bbox 491 3214 746 3287; x_wconf 89' lang='lat' dir='ltr'>imbuebantur.</span> <span class='ocrx_word' id='word_1_151' title='bbox 813 3213 975 3286; x_wconf 88' lang='lat' dir='ltr'>Incidunt</span> <span class='ocrx_word' id='word_1_152' title='bbox 1009 3214 1102 3286; x_wconf 90' lang='lat' dir='ltr'>enim</span> <span class='ocrx_word' id='word_1_153' title='bbox 1135 3215 1242 3289; x_wconf 87' lang='lat' dir='ltr'>causae</span> 
     </span>
     <span class='ocr_line' id='line_1_24' title="bbox 267 3331 1239 3429; baseline 0.004 -26"><span class='ocrx_word' id='word_1_154' title='bbox 267 3332 425 3429; x_wconf 87' lang='lat' dir='ltr'>plurimae</span> <span class='ocrx_word' id='word_1_155' title='bbox 443 3333 601 3429; x_wconf 90' lang='lat' dir='ltr'>quidem,</span> <span class='ocrx_word' id='word_1_156' title='bbox 615 3359 654 3406; x_wconf 91' lang='lat' dir='ltr'>ac</span> <span class='ocrx_word' id='word_1_157' title='bbox 672 3357 769 3429; x_wconf 88' lang='lat' dir='ltr'>paene</span> <span class='ocrx_word' id='word_1_158' title='bbox 781 3357 914 3421; x_wconf 90' lang='lat' dir='ltr'>omnes,</span> <span class='ocrx_word' id='word_1_159' title='bbox 935 3331 1061 3429; x_wconf 90' lang='lat' dir='ltr'>quibus</span> <span class='ocrx_word' id='word_1_160' title='bbox 1072 3331 1159 3429; x_wconf 90' lang='lat' dir='ltr'>juris</span> <span class='ocrx_word' id='word_1_161' title='bbox 1176 3359 1239 3407; x_wconf 91' lang='lat' dir='ltr'>no·</span> 
     </span>
     <span class='ocr_line' id='line_1_25' title="bbox 266 3451 1242 3548; baseline 0.004 -26"><span class='ocrx_word' id='word_1_162' title='bbox 266 3451 342 3523; x_wconf 82' lang='lat' dir='ltr'>titia</span> <span class='ocrx_word' id='word_1_163' title='bbox 363 3453 595 3525; x_wconf 76' lang='lat' dir='ltr'>desderatur:</span> <span class='ocrx_word' id='word_1_164' title='bbox 627 3454 798 3548; x_wconf 78' lang='lat' dir='ltr'>pleraeque</span> <span class='ocrx_word' id='word_1_165' title='bbox 818 3473 948 3540; x_wconf 88' lang='lat' dir='ltr'>autem,</span> <span class='ocrx_word' id='word_1_166' title='bbox 971 3451 1007 3522; x_wconf 96' lang='lat' dir='ltr'>in</span> <span class='ocrx_word' id='word_1_167' title='bbox 1031 3451 1157 3547; x_wconf 91' lang='lat' dir='ltr'>quibus</span> <span class='ocrx_word' id='word_1_168' title='bbox 1186 3454 1242 3526; x_wconf 86' lang='lat' dir='ltr'>hae</span> 
     </span>
     <span class='ocr_line' id='line_1_26' title="bbox 268 3570 815 3667; baseline 0.002 -26"><span class='ocrx_word' id='word_1_169' title='bbox 268 3593 410 3667; x_wconf 89' lang='lat' dir='ltr'>quoque</span> <span class='ocrx_word' id='word_1_170' title='bbox 422 3570 568 3644; x_wconf 87' lang='lat' dir='ltr'>scientiae</span> <span class='ocrx_word' id='word_1_171' title='bbox 586 3570 815 3667; x_wconf 89' lang='lat' dir='ltr'>requiruntur.</span> 
     </span>
    </p>

    <p class='ocr_par' dir='ltr' id='par_1_5' title="bbox 268 3687 1242 4025">
     <span class='ocr_line' id='line_1_27' title="bbox 317 3687 1242 3786; baseline 0.002 -24"><span class='ocrx_word' id='word_1_172' title='bbox 317 3692 473 3762; x_wconf 89' lang='lat' dir='ltr'>XXXll.</span> <span class='ocrx_word' id='word_1_173' title='bbox 499 3692 585 3762; x_wconf 72' lang='lat' dir='ltr'>Nnc</span> <span class='ocrx_word' id='word_1_174' title='bbox 604 3689 786 3786; x_wconf 89' lang='lat' dir='ltr'>qnisquam</span> <span class='ocrx_word' id='word_1_175' title='bbox 811 3687 1013 3783; x_wconf 88' lang='lat' dir='ltr'>respondeat</span> <span class='ocrx_word' id='word_1_176' title='bbox 1037 3687 1187 3762; x_wconf 89' lang='lat' dir='ltr'>sufficere</span> <span class='ocrx_word' id='word_1_177' title='bbox 1201 3710 1242 3764; x_wconf 84' lang='lat' dir='ltr'>ut</span> 
     </span>
     <span class='ocr_line' id='line_1_28' title="bbox 269 3804 1241 3906; baseline -0.002 -24"><span class='ocrx_word' id='word_1_178' title='bbox 269 3809 312 3882; x_wconf 90' lang='lat' dir='ltr'>ad</span> <span class='ocrx_word' id='word_1_179' title='bbox 340 3828 477 3906; x_wconf 87' lang='lat' dir='ltr'>tempus</span> <span class='ocrx_word' id='word_1_180' title='bbox 505 3810 649 3904; x_wconf 78' lang='lat' dir='ltr'>simplex</span> <span class='ocrx_word' id='word_1_181' title='bbox 671 3807 839 3904; x_wconf 89' lang='lat' dir='ltr'>quiddam</span> <span class='ocrx_word' id='word_1_182' title='bbox 867 3807 903 3879; x_wconf 71' lang='grc' dir='ltr'>δι</span> <span class='ocrx_word' id='word_1_183' title='bbox 927 3804 1098 3878; x_wconf 88' lang='lat' dir='ltr'>uniforme</span> <span class='ocrx_word' id='word_1_184' title='bbox 1116 3809 1241 3880; x_wconf 89' lang='lat' dir='ltr'>docea-</span> 
     </span>
     <span class='ocr_line' id='line_1_29' title="bbox 268 3925 1242 4025; baseline 0.001 -24"><span class='ocrx_word' id='word_1_185' title='bbox 268 3952 360 4001; x_wconf 89' lang='lat' dir='ltr'>mur.</span> <span class='ocrx_word' id='word_1_186' title='bbox 409 3928 568 4002; x_wconf 79' lang='lat' dir='ltr'>Primum</span> <span class='ocrx_word' id='word_1_187' title='bbox 591 3926 686 4001; x_wconf 89' lang='lat' dir='ltr'>enim</span> <span class='ocrx_word' id='word_1_188' title='bbox 702 3925 800 4000; x_wconf 91' lang='lat' dir='ltr'>aliter</span> <span class='ocrx_word' id='word_1_189' title='bbox 818 3926 946 3999; x_wconf 85' lang='lat' dir='ltr'>utimur</span> <span class='ocrx_word' id='word_1_190' title='bbox 963 3925 1121 4025; x_wconf 88' lang='lat' dir='ltr'>propriis,</span> <span class='ocrx_word' id='word_1_191' title='bbox 1144 3927 1242 4002; x_wconf 89' lang='lat' dir='ltr'>aliter</span> 
     </span>
    </p>
   </div>
   <div class='ocr_carea' id='block_1_5' title="bbox 0 0 1514 5144">
    <p class='ocr_par' dir='ltr' id='par_1_6' title="bbox 0 0 1514 5144">
     <span class='ocr_line' id='line_1_30' title="bbox 0 0 1514 5144; baseline 0 0"><span class='ocrx_word' id='word_1_192' title='bbox 0 0 1514 5144; x_wconf 95' lang='lat' dir='ltr'> </span> 
     </span>
    </p>
   </div>
  </div>
 </body>
</html>
