3000 5144
361 574 748 647 Hrs'ronrnauu
783 573 892 644 Lrn.
920 573 967 644 lI.
1080 595 1149 668 ¹39

176 749 206 791 “
224 742 321 818 mihi.
369 747 460 820 Tuae
476 746 596 820 domui
621 747 830 844 triumphale
846 769 989 833 nomen,
1012 745 1085 818 duo
1093 743 1152 840 ju·

176 872 205 909 “
223 889 342 952 venes,
370 889 481 961 capax
491 863 566 963 jam
584 865 718 962 imperii
735 869 833 956 alter,
863 871 897 938 ἃ
921 865 1039 962 primis
1060 865 1152 937 mili-

177 992 205 1028 “
222 984 278 1057 tiae
306 982 404 1055 annis
433 986 526 1080 apud
560 984 787 1059 Germanicos
815 1009 957 1082 quoque
983 983 1153 1057 exercitus

180 1110 210 1146 “
227 1104 349 1177 clarus.
398 1102 598 1176 Absurdum
623 1102 734 1193 fucrit,
762 1130 832 1176 non
858 1104 980 1178 cedere
1007 1103 1154 1199 imperio

187 1226 216 1263 “
234 1219 279 1309 ei,
296 1218 393 1314 cujus
410 1222 522 1294 filium
539 1223 763 1318 adoptaturus
779 1224 896 1311 essem,
915 1226 938 1295 sr
955 1220 1025 1318 ipse
1040 1222 1152 1318 impe-

179 1346 207 1382 “
225 1365 348 1412 rarem.
393 1341 562 1412 Ceterum
580 1341 667 1413 inter
693 1367 756 1413 nos
773 1367 843 1412 non
862 1341 956 1414 idem
980 1339 1153 1438 prospera·

178 1465 206 1501 “
224 1483 302 1532 rum
327 1458 610 1556 adversarumque
635 1485 751 1533 rerum
775 1461 863 1533 ordo
883 1460 959 1534 erit.
1007 1462 1102 1533 Nam
1129 1464 1152 1534 fi
1179 1552 1183 1563 Ι

178 1582 206 1620 “
224 1577 408 1667 vincimus,
441 1581 626 1667 honorem,
661 1604 768 1675 quem
800 1579 948 1668 dederis,
989 1580 1149 1652 habebo:

179 1695 409 1770 “discrimen
434 1724 474 1772 ac
496 1697 647 1795 pericula
668 1725 712 1771 ex
734 1724 838 1795 aequo
858 1698 1053 1796 patiemur:
1083 1698 1151 1770 im·

180 1823 208 1859 “
226 1842 300 1905 mu,
320 1834 359 1889 ut
385 1817 506 1890 melius
528 1816 589 1905 est,
616 1836 654 1890 tu
679 1820 742 1890 hos
758 1818 928 1891 exercitus
946 1842 1038 1915 rege,
1065 1817 1152 1893 mihi

179 1943 207 1978 “
227 1938 373 2026 bellum,
400 1943 433 2010 δι
464 1936 666 2033 proeliorum
695 1936 822 2010 incerta
850 1937 958 2009 trade.
1008 1937 1152 2010 Acriore

177 2062 207 2099 “
225 2055 330 2128 hodie
361 2055 538 2152 disciplina
566 2055 661 2143 victi,
697 2057 804 2154 quarn
840 2055 985 2129 vidores
1015 2077 1149 2154 agunt:

177 2182 205 2217 “
222 2176 285 2248 hos
314 2174 374 2263 ira,
397 2175 533 2264 odium,
563 2174 704 2248 ultionis
727 2174 896 2272 cupiditas
920 2177 964 2247 ad
988 2175 1152 2249 virtutem

179 2301 209 2338 “
225 2295 408 2370 accendit:
436 2294 484 2367 iIIi
502 2319 562 2391 per
578 2292 751 2367 fastidium
768 2299 800 2366 δι
820 2294 1074 2368 contumaciam
1090 2297 1152 2368 he·

180 2422 208 2457 “
225 2415 377 2488 bescunt.
427 2414 568 2511 Aperiet
602 2417 635 2486 &
667 2414 821 2486 recludet
850 2416 1007 2488 conteda
1037 2419 1070 2487 &
1093 2435 1149 2488 tu·

175 2539 203 2576 “
221 2532 411 2606 mescentia·
435 2531 629 2605 vidricium
663 2532 812 2629 partium
842 2535 985 2607 vulnera
1013 2536 1146 2608 bellum

183 2657 210 2695 “
227 2652 351 2749 ipsum.
400 2653 479 2725 Nec
497 2650 583 2723 mihi
607 2649 716 2749 major
732 2651 767 2723 in
785 2655 844 2726 tua
859 2653 1049 2751 vigilantia,
1076 2680 1153 2751 par-

180 2778 208 2813 “
225 2770 389 2861 cimonia,
416 2769 592 2867 sapientia,
619 2770 745 2844 fiducia
760 2772 821 2858 est,
839 2773 947 2868 quam
964 2772 1000 2844 in
1018 2771 1151 2846 Vitellii

180 2896 208 2932 “
227 2911 378 2986 torpore,
407 2888 550 2979 inscitia,
579 2887 716 2962 saevitia.
766 2891 833 2963 Sed
860 2894 893 2963 δι
916 2891 1094 2963 meliorem
1117 2892 1154 2965 in

180 3016 207 3053 “
225 3011 318 3083 bello
334 3007 482 3097 causam,
501 3009 606 3104 quim
624 3009 659 3082 in
678 3035 762 3106 pace
779 3013 972 3084 habemus:
994 3011 1153 3109 namqui

181 3136 209 3172 “
225 3129 430 3218 deliberant,
448 3127 674 3201 desciverunt.

229 3251 433 3322 LXXVIII.
458 3252 556 3322 Posr
575 3249 731 3322 Muciani
754 3250 945 3323 orationem
971 3249 1073 3323 ceteri
1092 3277 1151 3323 au·

182 3366 319 3440 demitis
333 3368 590 3459 circumsistere,
604 3377 630 3411 “
642 3367 798 3465 responsa
814 3374 992 3458 vatum‚&
1009 3370 1155 3442 siderum

183 3496 211 3532 “
230 3492 367 3562 motus'’
391 3486 521 3560 referre.
571 3490 648 3561 Nec
681 3508 751 3560 erat
784 3487 929 3559 intardus
952 3489 1009 3560 tali
1039 3488 1154 3586 super·

179 3607 328 3696 stitione,
358 3628 396 3681 ut
424 3607 482 3704 qui
509 3633 608 3695 mox,
635 3633 748 3680 rerum
774 3606 949 3695 dominus,
973 3609 1155 3682 Seleucum

179 3731 382 3823 quemdam,
412 3726 710 3815 mathematicum,
736 3728 903 3798 rectorem
922 3729 954 3797 δι
973 3726 1153 3824 praescium

177 3848 293 3942 palam
316 3845 486 3920 habuerit.
538 3844 772 3918 Recursabant
788 3844 906 3917 animo
930 3868 1047 3920 vetera
1063 3849 1153 3923 omi·

177 3989 240 4039 na:
272 3967 446 4067 cupreffus
472 3967 571 4039 arbor·
590 3963 627 4037 in
641 3963 732 4063 agris
755 3961 842 4061 ejus,
868 3963 1051 4063 conspicua
1075 3969 1152 4044 alti·
