<?xml version="1.0" encoding="UTF-8"?>
<!DOCTYPE html PUBLIC "-//W3C//DTD XHTML 1.0 Transitional//EN"
    "http://www.w3.org/TR/xhtml1/DTD/xhtml1-transitional.dtd">
<html xmlns="http://www.w3.org/1999/xhtml" xml:lang="en" lang="en">
 <head>
  <title>
</title>
<meta http-equiv="Content-Type" content="text/html;charset=utf-8" />
  <meta name='ocr-system' content='tesseract 3.04.00' />
  <meta name='ocr-capabilities' content='ocr_page ocr_carea ocr_par ocr_line ocrx_word'/>
</head>
<body>
  <div class='ocr_page' id='page_1' title='image "./ccorneliitaciti02ernegoog_0311.png"; bbox 0 0 3000 5144; ppageno 0'>
   <div class='ocr_carea' id='block_1_1' title="bbox 406 501 1221 599">
    <p class='ocr_par' dir='ltr' id='par_1_1' title="bbox 406 501 1221 599">
     <span class='ocr_line' id='line_1_1' title="bbox 406 501 1221 599; baseline 0 -24"><span class='ocrx_word' id='word_1_1' title='bbox 406 504 813 577; x_wconf 76' lang='lat' dir='ltr'>Hrsronrnnuu</span> <span class='ocrx_word' id='word_1_2' title='bbox 845 502 958 577; x_wconf 76' lang='lat' dir='ltr'>Lra.</span> <span class='ocrx_word' id='word_1_3' title='bbox 991 501 1053 572; x_wconf 88' lang='lat' dir='ltr'>lV.</span> <span class='ocrx_word' id='word_1_4' title='bbox 1152 527 1221 599; x_wconf 82' lang='lat'>303</span> 
     </span>
    </p>
   </div>
   <div class='ocr_carea' id='block_1_2' title="bbox 258 669 1273 3954">
    <p class='ocr_par' dir='ltr' id='par_1_2' title="bbox 258 669 1273 3954">
     <span class='ocr_line' id='line_1_2' title="bbox 258 669 1224 766; baseline 0.001 -27"><span class='ocrx_word' id='word_1_5' title='bbox 258 674 289 711; x_wconf 88' lang='lat'><strong><em>“</em></strong></span> <span class='ocrx_word' id='word_1_6' title='bbox 306 672 440 741; x_wconf 89' lang='lat' dir='ltr'>tantum</span> <span class='ocrx_word' id='word_1_7' title='bbox 471 672 679 743; x_wconf 83' lang='lat' dir='ltr'>Cremonam</span> <span class='ocrx_word' id='word_1_8' title='bbox 709 669 880 758; x_wconf 83' lang='lat' dir='ltr'>meruisse,</span> <span class='ocrx_word' id='word_1_9' title='bbox 914 695 1020 766; x_wconf 88' lang='lat' dir='ltr'>quam</span> <span class='ocrx_word' id='word_1_10' title='bbox 1048 693 1068 741; x_wconf 92' lang='lat' dir='ltr'>e</span> <span class='ocrx_word' id='word_1_11' title='bbox 1093 669 1224 766; x_wconf 85' lang='lat' dir='ltr'>gremio</span> 
     </span>
     <span class='ocr_line' id='line_1_3' title="bbox 260 774 1225 884; baseline 0 -25"><span class='ocrx_word' id='word_1_12' title='bbox 260 793 290 828; x_wconf 90' lang='lat'><strong>“</strong></span> <span class='ocrx_word' id='word_1_13' title='bbox 309 788 414 859; x_wconf 84' lang='lat' dir='ltr'>Italiae</span> <span class='ocrx_word' id='word_1_14' title='bbox 432 809 576 884; x_wconf 85' lang='lat' dir='ltr'>raptam,</span> <span class='ocrx_word' id='word_1_15' title='bbox 602 789 683 884; x_wconf 90' lang='lat' dir='ltr'>quia</span> <span class='ocrx_word' id='word_1_16' title='bbox 707 787 807 860; x_wconf 94' lang='lat' dir='ltr'>unius</span> <span class='ocrx_word' id='word_1_17' title='bbox 829 787 938 859; x_wconf 72' lang='lat' dir='ltr'>nodis</span> <span class='ocrx_word' id='word_1_18' title='bbox 965 774 1098 859; x_wconf 85' lang='lat' dir='ltr'>moram</span> <span class='ocrx_word' id='word_1_19' title='bbox 1114 787 1225 859; x_wconf 73' lang='lat' dir='ltr'>visto·</span> 
     </span>
     <span class='ocr_line' id='line_1_4' title="bbox 261 903 1227 977; baseline 0.001 -2"><span class='ocrx_word' id='word_1_20' title='bbox 261 910 290 946; x_wconf 91' lang='lat'><strong>“</strong></span> <span class='ocrx_word' id='word_1_21' title='bbox 307 903 400 976; x_wconf 92' lang='lat' dir='ltr'>ribus</span> <span class='ocrx_word' id='word_1_22' title='bbox 415 906 563 977; x_wconf 83' lang='lat' dir='ltr'>attulerit</span> <span class='ocrx_word' id='word_1_23' title='bbox 581 911 592 977; x_wconf 91' lang='lat'>?</span> <span class='ocrx_word' id='word_1_24' title='bbox 621 909 715 977; x_wconf 90' lang='lat' dir='ltr'>Stare</span> <span class='ocrx_word' id='word_1_25' title='bbox 742 906 778 976; x_wconf 93' lang='lat' dir='ltr'>in</span> <span class='ocrx_word' id='word_1_26' title='bbox 792 905 943 977; x_wconf 85' lang='lat' dir='ltr'>confinio</span> <span class='ocrx_word' id='word_1_27' title='bbox 958 905 1153 977; x_wconf 88' lang='lat' dir='ltr'>Germaniae</span> <span class='ocrx_word' id='word_1_28' title='bbox 1175 905 1227 976; x_wconf 92' lang='lat' dir='ltr'>in·</span> 
     </span>
     <span class='ocr_line' id='line_1_5' title="bbox 261 1022 1228 1119; baseline 0.004 -27"><span class='ocrx_word' id='word_1_29' title='bbox 261 1028 289 1062; x_wconf 90' lang='lat'><strong>“</strong></span> <span class='ocrx_word' id='word_1_30' title='bbox 308 1040 439 1117; x_wconf 86' lang='lat' dir='ltr'>tegram</span> <span class='ocrx_word' id='word_1_31' title='bbox 471 1022 600 1110; x_wconf 89' lang='lat' dir='ltr'>sedem,</span> <span class='ocrx_word' id='word_1_32' title='bbox 637 1023 748 1119; x_wconf 92' lang='lat' dir='ltr'>spoliis</span> <span class='ocrx_word' id='word_1_33' title='bbox 782 1022 993 1096; x_wconf 82' lang='lat' dir='ltr'>exercituum</span> <span class='ocrx_word' id='word_1_34' title='bbox 1034 1027 1067 1093; x_wconf 73' lang='grc' dir='ltr'>δι</span> <span class='ocrx_word' id='word_1_35' title='bbox 1096 1023 1228 1096; x_wconf 90' lang='lat' dir='ltr'>ducum</span> 
     </span>
     <span class='ocr_line' id='line_1_6' title="bbox 260 1139 1227 1238; baseline 0.002 -27"><span class='ocrx_word' id='word_1_36' title='bbox 260 1145 289 1181; x_wconf 92' lang='lat'><strong>“</strong></span> <span class='ocrx_word' id='word_1_37' title='bbox 306 1141 458 1212; x_wconf 89' lang='lat' dir='ltr'>caedibus</span> <span class='ocrx_word' id='word_1_38' title='bbox 487 1161 661 1212; x_wconf 85' lang='lat' dir='ltr'>ovantem.</span> <span class='ocrx_word' id='word_1_39' title='bbox 711 1141 940 1238; x_wconf 84' lang='lat' dir='ltr'>Redigeretur</span> <span class='ocrx_word' id='word_1_40' title='bbox 968 1142 1083 1235; x_wconf 86' lang='lat' dir='ltr'>praeda</span> <span class='ocrx_word' id='word_1_41' title='bbox 1107 1139 1143 1212; x_wconf 94' lang='lat' dir='ltr'>in</span> <span class='ocrx_word' id='word_1_42' title='bbox 1173 1141 1227 1213; x_wconf 92' lang='lat' dir='ltr'>fis-</span> 
     </span>
     <span class='ocr_line' id='line_1_7' title="bbox 262 1257 1229 1354; baseline 0.003 -26"><span class='ocrx_word' id='word_1_43' title='bbox 262 1263 289 1299; x_wconf 89' lang='lat'>“</span> <span class='ocrx_word' id='word_1_44' title='bbox 307 1283 410 1329; x_wconf 89' lang='lat' dir='ltr'>cum:</span> <span class='ocrx_word' id='word_1_45' title='bbox 436 1257 513 1353; x_wconf 83' lang='lat' dir='ltr'>ipss</span> <span class='ocrx_word' id='word_1_46' title='bbox 536 1258 686 1331; x_wconf 87' lang='lat' dir='ltr'>sufficere</span> <span class='ocrx_word' id='word_1_47' title='bbox 719 1260 829 1354; x_wconf 85' lang='lat' dir='ltr'>ignes,</span> <span class='ocrx_word' id='word_1_48' title='bbox 858 1264 892 1331; x_wconf 76' lang='grc' dir='ltr'>δι</span> <span class='ocrx_word' id='word_1_49' title='bbox 920 1258 1054 1331; x_wconf 90' lang='lat' dir='ltr'>rebellis</span> <span class='ocrx_word' id='word_1_50' title='bbox 1086 1259 1229 1331; x_wconf 85' lang='lat' dir='ltr'>coloniae</span> 
     </span>
     <span class='ocr_line' id='line_1_8' title="bbox 263 1374 1229 1472; baseline 0.003 -27"><span class='ocrx_word' id='word_1_51' title='bbox 263 1381 292 1416; x_wconf 91' lang='lat'><strong>“</strong></span> <span class='ocrx_word' id='word_1_52' title='bbox 310 1374 437 1463; x_wconf 85' lang='lat' dir='ltr'>ruinas,</span> <span class='ocrx_word' id='word_1_53' title='bbox 467 1376 591 1471; x_wconf 86' lang='lat' dir='ltr'>quibus</span> <span class='ocrx_word' id='word_1_54' title='bbox 606 1396 658 1448; x_wconf 92' lang='lat' dir='ltr'>tot</span> <span class='ocrx_word' id='word_1_55' title='bbox 683 1378 871 1449; x_wconf 89' lang='lat' dir='ltr'>castrorum</span> <span class='ocrx_word' id='word_1_56' title='bbox 899 1375 1033 1448; x_wconf 86' lang='lat' dir='ltr'>excidia</span> <span class='ocrx_word' id='word_1_57' title='bbox 1050 1376 1229 1472; x_wconf 89' lang='lat' dir='ltr'>pensaren-</span> 
     </span>
     <span class='ocr_line' id='line_1_9' title="bbox 263 1492 1229 1581; baseline 0.004 -18"><span class='ocrx_word' id='word_1_58' title='bbox 263 1498 291 1534; x_wconf 90' lang='lat'><strong>“</strong></span> <span class='ocrx_word' id='word_1_59' title='bbox 308 1495 398 1564; x_wconf 89' lang='lat' dir='ltr'>tur.”</span> <span class='ocrx_word' id='word_1_60' title='bbox 447 1494 599 1581; x_wconf 86' lang='lat' dir='ltr'>Cerialis,</span> <span class='ocrx_word' id='word_1_61' title='bbox 628 1520 649 1565; x_wconf 87' lang='lat' dir='ltr'>a</span> <span class='ocrx_word' id='word_1_62' title='bbox 666 1516 760 1567; x_wconf 93' lang='lat' dir='ltr'>metu</span> <span class='ocrx_word' id='word_1_63' title='bbox 785 1492 946 1580; x_wconf 87' lang='lat' dir='ltr'>insamiae,</span> <span class='ocrx_word' id='word_1_64' title='bbox 974 1497 1005 1566; x_wconf 79' lang='lat' dir='ltr'>sr</span> <span class='ocrx_word' id='word_1_65' title='bbox 1020 1493 1154 1566; x_wconf 65' lang='lat' dir='ltr'>licentis</span> <span class='ocrx_word' id='word_1_66' title='bbox 1170 1494 1229 1567; x_wconf 83' lang='lat' dir='ltr'>sae·</span> 
     </span>
     <span class='ocr_line' id='line_1_10' title="bbox 263 1610 1228 1707; baseline 0 -23"><span class='ocrx_word' id='word_1_67' title='bbox 263 1611 417 1707; x_wconf 57' lang='lat' dir='ltr'>vitisque</span> <span class='ocrx_word' id='word_1_68' title='bbox 433 1613 585 1684; x_wconf 86' lang='lat' dir='ltr'>imbuere</span> <span class='ocrx_word' id='word_1_69' title='bbox 607 1612 753 1684; x_wconf 92' lang='lat' dir='ltr'>militem</span> <span class='ocrx_word' id='word_1_70' title='bbox 770 1614 973 1698; x_wconf 85' lang='lat' dir='ltr'>crederetur,</span> <span class='ocrx_word' id='word_1_71' title='bbox 1001 1610 1113 1707; x_wconf 85' lang='lat' dir='ltr'>pressrt</span> <span class='ocrx_word' id='word_1_72' title='bbox 1136 1611 1228 1684; x_wconf 87' lang='lat' dir='ltr'>iras:</span> 
     </span>
     <span class='ocr_line' id='line_1_11' title="bbox 264 1731 1231 1824; baseline 0.001 -24"><span class='ocrx_word' id='word_1_73' title='bbox 264 1733 298 1800; x_wconf 75' lang='grc' dir='ltr'>δι</span> <span class='ocrx_word' id='word_1_74' title='bbox 318 1732 472 1824; x_wconf 67' lang='grc' dir='ltr'>ραωόῑε,</span> <span class='ocrx_word' id='word_1_75' title='bbox 504 1735 612 1824; x_wconf 77' lang='lat' dir='ltr'>posito</span> <span class='ocrx_word' id='word_1_76' title='bbox 640 1731 768 1802; x_wconf 87' lang='lat' dir='ltr'>civium</span> <span class='ocrx_word' id='word_1_77' title='bbox 793 1733 898 1819; x_wconf 90' lang='lat' dir='ltr'>bello,</span> <span class='ocrx_word' id='word_1_78' title='bbox 925 1732 968 1802; x_wconf 90' lang='lat' dir='ltr'>ad</span> <span class='ocrx_word' id='word_1_79' title='bbox 987 1750 1128 1803; x_wconf 87' lang='lat' dir='ltr'>externa</span> <span class='ocrx_word' id='word_1_80' title='bbox 1154 1755 1231 1801; x_wconf 89' lang='lat' dir='ltr'>mo·</span> 
     </span>
     <span class='ocr_line' id='line_1_12' title="bbox 263 1847 1231 1937; baseline 0.002 -19"><span class='ocrx_word' id='word_1_81' title='bbox 263 1847 433 1919; x_wconf 86' lang='lat' dir='ltr'>destiores.</span> <span class='ocrx_word' id='word_1_82' title='bbox 483 1848 664 1920; x_wconf 83' lang='lat' dir='ltr'>Convertit</span> <span class='ocrx_word' id='word_1_83' title='bbox 702 1848 781 1920; x_wconf 91' lang='lat' dir='ltr'>inde</span> <span class='ocrx_word' id='word_1_84' title='bbox 808 1848 954 1937; x_wconf 84' lang='lat' dir='ltr'>animos,</span> <span class='ocrx_word' id='word_1_85' title='bbox 995 1848 1231 1921; x_wconf 86' lang='lat' dir='ltr'>accitarume</span> 
     </span>
     <span class='ocr_line' id='line_1_13' title="bbox 264 1953 1232 2063; baseline -0.001 -24"><span class='ocrx_word' id='word_1_86' title='bbox 264 1966 535 2039; x_wconf 85' lang='lat' dir='ltr'>Mediomatricis</span> <span class='ocrx_word' id='word_1_87' title='bbox 552 1966 732 2063; x_wconf 82' lang='lat' dir='ltr'>legionum</span> <span class='ocrx_word' id='word_1_88' title='bbox 749 1953 945 2038; x_wconf 90' lang='lat' dir='ltr'>miserabilis</span> <span class='ocrx_word' id='word_1_89' title='bbox 959 1965 1122 2062; x_wconf 75' lang='lat' dir='ltr'>aspectus.</span> <span class='ocrx_word' id='word_1_90' title='bbox 1158 1969 1232 2038; x_wconf 88' lang='lat' dir='ltr'>Sta-</span> 
     </span>
     <span class='ocr_line' id='line_1_14' title="bbox 265 2083 1233 2180; baseline 0.002 -24"><span class='ocrx_word' id='word_1_91' title='bbox 265 2087 348 2156; x_wconf 83' lang='lat' dir='ltr'>bant</span> <span class='ocrx_word' id='word_1_92' title='bbox 376 2083 581 2156; x_wconf 74' lang='lat' dir='ltr'>conscientia</span> <span class='ocrx_word' id='word_1_93' title='bbox 613 2084 734 2180; x_wconf 85' lang='lat' dir='ltr'>flagitii</span> <span class='ocrx_word' id='word_1_94' title='bbox 763 2084 901 2174; x_wconf 80' lang='lat' dir='ltr'>maestae,</span> <span class='ocrx_word' id='word_1_95' title='bbox 943 2084 1021 2156; x_wconf 86' lang='lat' dir='ltr'>fixis</span> <span class='ocrx_word' id='word_1_96' title='bbox 1044 2084 1080 2155; x_wconf 94' lang='lat' dir='ltr'>in</span> <span class='ocrx_word' id='word_1_97' title='bbox 1108 2105 1233 2158; x_wconf 88' lang='lat' dir='ltr'>terram</span> 
     </span>
     <span class='ocr_line' id='line_1_15' title="bbox 264 2202 1230 2275; baseline 0.001 -1"><span class='ocrx_word' id='word_1_98' title='bbox 264 2203 384 2275; x_wconf 92' lang='lat' dir='ltr'>oculis.</span> <span class='ocrx_word' id='word_1_99' title='bbox 434 2204 543 2274; x_wconf 88' lang='lat' dir='ltr'>Nulla</span> <span class='ocrx_word' id='word_1_100' title='bbox 563 2202 652 2273; x_wconf 88' lang='lat' dir='ltr'>inter</span> <span class='ocrx_word' id='word_1_101' title='bbox 674 2207 836 2274; x_wconf 79' lang='lat' dir='ltr'>co‘e&#39;untes</span> <span class='ocrx_word' id='word_1_102' title='bbox 860 2202 1026 2275; x_wconf 87' lang='lat' dir='ltr'>exercitus</span> <span class='ocrx_word' id='word_1_103' title='bbox 1043 2202 1230 2275; x_wconf 88' lang='lat' dir='ltr'>consaluta-</span> 
     </span>
     <span class='ocr_line' id='line_1_16' title="bbox 264 2319 1231 2417; baseline 0.002 -26"><span class='ocrx_word' id='word_1_104' title='bbox 264 2320 342 2392; x_wconf 84' lang='lat' dir='ltr'>tio:</span> <span class='ocrx_word' id='word_1_105' title='bbox 369 2347 482 2417; x_wconf 88' lang='lat' dir='ltr'>neque</span> <span class='ocrx_word' id='word_1_106' title='bbox 508 2319 693 2394; x_wconf 87' lang='lat' dir='ltr'>solantibus</span> <span class='ocrx_word' id='word_1_107' title='bbox 719 2319 978 2393; x_wconf 85' lang='lat' dir='ltr'>hortantibusve</span> <span class='ocrx_word' id='word_1_108' title='bbox 999 2320 1154 2415; x_wconf 88' lang='lat' dir='ltr'>responsa</span> <span class='ocrx_word' id='word_1_109' title='bbox 1169 2322 1231 2393; x_wconf 90' lang='lat' dir='ltr'>da-</span> 
     </span>
     <span class='ocr_line' id='line_1_17' title="bbox 265 2438 1273 2536; baseline 0.002 -27"><span class='ocrx_word' id='word_1_110' title='bbox 265 2439 363 2529; x_wconf 87' lang='lat' dir='ltr'>bant,</span> <span class='ocrx_word' id='word_1_111' title='bbox 382 2440 489 2511; x_wconf 93' lang='lat' dir='ltr'>abditi</span> <span class='ocrx_word' id='word_1_112' title='bbox 507 2465 568 2536; x_wconf 89' lang='lat' dir='ltr'>per</span> <span class='ocrx_word' id='word_1_113' title='bbox 583 2438 741 2526; x_wconf 86' lang='lat' dir='ltr'>tentoria,</span> <span class='ocrx_word' id='word_1_114' title='bbox 762 2444 794 2511; x_wconf 88' lang='lat'>&amp;</span> <span class='ocrx_word' id='word_1_115' title='bbox 814 2441 928 2511; x_wconf 92' lang='lat' dir='ltr'>lucem</span> <span class='ocrx_word' id='word_1_116' title='bbox 945 2438 1049 2535; x_wconf 85' lang='lat' dir='ltr'>ipsam</span> <span class='ocrx_word' id='word_1_117' title='bbox 1064 2439 1230 2511; x_wconf 85' lang='lat' dir='ltr'>vitantes:</span> <span class='ocrx_word' id='word_1_118' title='bbox 1270 2458 1273 2463; x_wconf 76' lang='grc'><strong>’</strong></span> 
     </span>
     <span class='ocr_line' id='line_1_18' title="bbox 265 2557 1234 2653; baseline 0.001 -25"><span class='ocrx_word' id='word_1_119' title='bbox 265 2581 329 2628; x_wconf 88' lang='lat' dir='ltr'>nec</span> <span class='ocrx_word' id='word_1_120' title='bbox 346 2557 485 2653; x_wconf 87' lang='lat' dir='ltr'>perinde</span> <span class='ocrx_word' id='word_1_121' title='bbox 514 2557 706 2651; x_wconf 77' lang='lat' dir='ltr'>perieulum</span> <span class='ocrx_word' id='word_1_122' title='bbox 719 2577 778 2628; x_wconf 85' lang='lat' dir='ltr'>aut</span> <span class='ocrx_word' id='word_1_123' title='bbox 797 2579 921 2644; x_wconf 88' lang='lat' dir='ltr'>metus,</span> <span class='ocrx_word' id='word_1_124' title='bbox 944 2557 1049 2652; x_wconf 73' lang='lat' dir='ltr'>quam</span> <span class='ocrx_word' id='word_1_125' title='bbox 1066 2559 1178 2653; x_wconf 89' lang='lat' dir='ltr'>pudor</span> <span class='ocrx_word' id='word_1_126' title='bbox 1193 2584 1234 2630; x_wconf 91' lang='lat' dir='ltr'>ac</span> 
     </span>
     <span class='ocr_line' id='line_1_19' title="bbox 265 2673 1232 2771; baseline -0.006 -18"><span class='ocrx_word' id='word_1_127' title='bbox 265 2677 417 2753; x_wconf 89' lang='lat' dir='ltr'>dedecus</span> <span class='ocrx_word' id='word_1_128' title='bbox 431 2673 725 2771; x_wconf 86' lang='lat' dir='ltr'>obstupefecerat;</span> <span class='ocrx_word' id='word_1_129' title='bbox 747 2673 902 2745; x_wconf 93' lang='lat' dir='ltr'>attonitis</span> <span class='ocrx_word' id='word_1_130' title='bbox 917 2673 1019 2746; x_wconf 89' lang='lat' dir='ltr'>etiam</span> <span class='ocrx_word' id='word_1_131' title='bbox 1032 2674 1232 2764; x_wconf 72' lang='lat' dir='ltr'>victoribus,</span> 
     </span>
     <span class='ocr_line' id='line_1_20' title="bbox 266 2790 1233 2888; baseline 0.002 -25"><span class='ocrx_word' id='word_1_132' title='bbox 266 2792 328 2888; x_wconf 90' lang='lat' dir='ltr'>qui</span> <span class='ocrx_word' id='word_1_133' title='bbox 345 2817 469 2865; x_wconf 91' lang='lat' dir='ltr'>vocem</span> <span class='ocrx_word' id='word_1_134' title='bbox 487 2790 669 2888; x_wconf 91' lang='lat' dir='ltr'>precesque</span> <span class='ocrx_word' id='word_1_135' title='bbox 696 2791 858 2863; x_wconf 89' lang='lat' dir='ltr'>adhibere</span> <span class='ocrx_word' id='word_1_136' title='bbox 887 2816 956 2862; x_wconf 94' lang='lat' dir='ltr'>non</span> <span class='ocrx_word' id='word_1_137' title='bbox 978 2795 1060 2880; x_wconf 86' lang='lat' dir='ltr'>aufi,</span> <span class='ocrx_word' id='word_1_138' title='bbox 1087 2792 1233 2866; x_wconf 88' lang='lat' dir='ltr'>lacrimis</span> 
     </span>
     <span class='ocr_line' id='line_1_21' title="bbox 266 2908 1233 3006; baseline 0 -25"><span class='ocrx_word' id='word_1_139' title='bbox 266 2936 306 2982; x_wconf 90' lang='lat' dir='ltr'>ac</span> <span class='ocrx_word' id='word_1_140' title='bbox 325 2911 454 2983; x_wconf 87' lang='lat' dir='ltr'>filentio</span> <span class='ocrx_word' id='word_1_141' title='bbox 468 2910 604 2983; x_wconf 84' lang='lat' dir='ltr'>veniam</span> <span class='ocrx_word' id='word_1_142' title='bbox 623 2909 830 3006; x_wconf 87' lang='lat' dir='ltr'>poscebant:</span> <span class='ocrx_word' id='word_1_143' title='bbox 860 2910 972 2981; x_wconf 91' lang='lat' dir='ltr'>donec</span> <span class='ocrx_word' id='word_1_144' title='bbox 984 2908 1125 2982; x_wconf 87' lang='lat' dir='ltr'>Cerialis</span> <span class='ocrx_word' id='word_1_145' title='bbox 1142 2913 1233 2982; x_wconf 90' lang='lat' dir='ltr'>mul-</span> 
     </span>
     <span class='ocr_line' id='line_1_22' title="bbox 267 3024 1238 3125; baseline 0.001 -25"><span class='ocrx_word' id='word_1_146' title='bbox 267 3049 358 3100; x_wconf 88' lang='lat' dir='ltr'>ceret</span> <span class='ocrx_word' id='word_1_147' title='bbox 385 3027 533 3117; x_wconf 85' lang='lat' dir='ltr'>animos,</span> <span class='ocrx_word' id='word_1_148' title='bbox 564 3033 591 3069; x_wconf 91' lang='lat'><strong>“</strong></span> <span class='ocrx_word' id='word_1_149' title='bbox 609 3026 681 3098; x_wconf 90' lang='lat' dir='ltr'>sato</span> <span class='ocrx_word' id='word_1_150' title='bbox 699 3029 795 3099; x_wconf 64' lang='lat' dir='ltr'>afta’</span> <span class='ocrx_word' id='word_1_151' title='bbox 819 3024 990 3114; x_wconf 76' lang='lat' dir='ltr'>dictitans,</span> <span class='ocrx_word' id='word_1_152' title='bbox 1022 3033 1049 3069; x_wconf 92' lang='lat'><strong>“</strong></span> <span class='ocrx_word' id='word_1_153' title='bbox 1068 3054 1145 3125; x_wconf 86' lang='lat' dir='ltr'>quae</span> <span class='ocrx_word' id='word_1_154' title='bbox 1169 3029 1238 3124; x_wconf 64' lang='lat' dir='ltr'>mi7</span> 
     </span>
     <span class='ocr_line' id='line_1_23' title="bbox 268 3142 1234 3242; baseline 0.003 -25"><span class='ocrx_word' id='word_1_155' title='bbox 268 3154 297 3190; x_wconf 91' lang='lat'><strong>“</strong></span> <span class='ocrx_word' id='word_1_156' title='bbox 315 3147 415 3218; x_wconf 88' lang='lat' dir='ltr'>litum</span> <span class='ocrx_word' id='word_1_157' title='bbox 438 3147 637 3242; x_wconf 92' lang='lat' dir='ltr'>ducumque</span> <span class='ocrx_word' id='word_1_158' title='bbox 653 3143 834 3235; x_wconf 73' lang='lat' dir='ltr'>discordia,</span> <span class='ocrx_word' id='word_1_159' title='bbox 856 3146 912 3217; x_wconf 85' lang='lat' dir='ltr'>vel</span> <span class='ocrx_word' id='word_1_160' title='bbox 939 3142 1059 3216; x_wconf 87' lang='lat' dir='ltr'>fraude</span> <span class='ocrx_word' id='word_1_161' title='bbox 1080 3146 1234 3220; x_wconf 90' lang='lat' dir='ltr'>hostium</span> 
     </span>
     <span class='ocr_line' id='line_1_24' title="bbox 269 3263 1234 3358; baseline 0 -22"><span class='ocrx_word' id='word_1_162' title='bbox 269 3270 297 3306; x_wconf 90' lang='lat'><strong><em>“</em></strong></span> <span class='ocrx_word' id='word_1_163' title='bbox 315 3263 510 3336; x_wconf 83' lang='lat' dir='ltr'>evenissent.</span> <span class='ocrx_word' id='word_1_164' title='bbox 556 3264 713 3335; x_wconf 92' lang='lat' dir='ltr'>Primum</span> <span class='ocrx_word' id='word_1_165' title='bbox 731 3263 831 3335; x_wconf 94' lang='lat' dir='ltr'>illum</span> <span class='ocrx_word' id='word_1_166' title='bbox 853 3263 1100 3358; x_wconf 92' lang='lat' dir='ltr'>stipendiorum</span> <span class='ocrx_word' id='word_1_167' title='bbox 1129 3269 1163 3336; x_wconf 76' lang='grc' dir='ltr'>δι</span> <span class='ocrx_word' id='word_1_168' title='bbox 1186 3263 1234 3336; x_wconf 89' lang='lat' dir='ltr'>sa-</span> 
     </span>
     <span class='ocr_line' id='line_1_25' title="bbox 270 3379 1235 3475; baseline 0 -21"><span class='ocrx_word' id='word_1_169' title='bbox 270 3387 299 3424; x_wconf 91' lang='lat'><strong>“</strong></span> <span class='ocrx_word' id='word_1_170' title='bbox 317 3380 482 3454; x_wconf 74' lang='lat' dir='ltr'>crementi</span> <span class='ocrx_word' id='word_1_171' title='bbox 514 3381 607 3453; x_wconf 91' lang='lat' dir='ltr'>diem</span> <span class='ocrx_word' id='word_1_172' title='bbox 634 3383 825 3453; x_wconf 90' lang='lat' dir='ltr'>haberent:</span> <span class='ocrx_word' id='word_1_173' title='bbox 854 3380 1009 3475; x_wconf 92' lang='lat' dir='ltr'>priorum</span> <span class='ocrx_word' id='word_1_174' title='bbox 1046 3379 1235 3455; x_wconf 87' lang='lat' dir='ltr'>facinorum</span> 
     </span>
     <span class='ocr_line' id='line_1_26' title="bbox 270 3496 1236 3595; baseline 0.007 -26"><span class='ocrx_word' id='word_1_175' title='bbox 270 3506 298 3540; x_wconf 90' lang='lat'>“</span> <span class='ocrx_word' id='word_1_176' title='bbox 315 3523 428 3595; x_wconf 91' lang='lat' dir='ltr'>neque</span> <span class='ocrx_word' id='word_1_177' title='bbox 441 3501 702 3593; x_wconf 88' lang='lat' dir='ltr'>Imperatorem,</span> <span class='ocrx_word' id='word_1_178' title='bbox 716 3523 828 3594; x_wconf 92' lang='lat' dir='ltr'>neque</span> <span class='ocrx_word' id='word_1_179' title='bbox 839 3497 872 3569; x_wconf 94' lang='lat' dir='ltr'>se</span> <span class='ocrx_word' id='word_1_180' title='bbox 884 3496 1109 3569; x_wconf 89' lang='lat' dir='ltr'>meminisse.&#39;’</span> <span class='ocrx_word' id='word_1_181' title='bbox 1132 3501 1236 3577; x_wconf 92' lang='lat' dir='ltr'>Tunc</span> 
     </span>
     <span class='ocr_line' id='line_1_27' title="bbox 269 3614 1236 3713; baseline 0.002 -27"><span class='ocrx_word' id='word_1_182' title='bbox 269 3616 399 3710; x_wconf 88' lang='lat' dir='ltr'>recepti</span> <span class='ocrx_word' id='word_1_183' title='bbox 415 3615 452 3686; x_wconf 92' lang='lat' dir='ltr'>in</span> <span class='ocrx_word' id='word_1_184' title='bbox 466 3618 586 3688; x_wconf 87' lang='lat' dir='ltr'>eadem</span> <span class='ocrx_word' id='word_1_185' title='bbox 606 3617 731 3701; x_wconf 80' lang='lat' dir='ltr'>castra3</span> <span class='ocrx_word' id='word_1_186' title='bbox 764 3620 796 3688; x_wconf 76' lang='lat' dir='ltr'>br</span> <span class='ocrx_word' id='word_1_187' title='bbox 825 3614 978 3688; x_wconf 72' lang='lat' dir='ltr'>edietum</span> <span class='ocrx_word' id='word_1_188' title='bbox 995 3641 1055 3712; x_wconf 90' lang='lat' dir='ltr'>per</span> <span class='ocrx_word' id='word_1_189' title='bbox 1078 3616 1236 3713; x_wconf 88' lang='lat' dir='ltr'>manipu-</span> 
     </span>
     <span class='ocr_line' id='line_1_28' title="bbox 272 3731 1239 3831; baseline 0.002 -25"><span class='ocrx_word' id='word_1_190' title='bbox 272 3736 334 3823; x_wconf 88' lang='lat' dir='ltr'>los,</span> <span class='ocrx_word' id='word_1_191' title='bbox 360 3760 404 3806; x_wconf 89' lang='lat' dir='ltr'>ne</span> <span class='ocrx_word' id='word_1_192' title='bbox 429 3734 505 3831; x_wconf 89' lang='lat' dir='ltr'>quis</span> <span class='ocrx_word' id='word_1_193' title='bbox 524 3734 558 3805; x_wconf 92' lang='lat' dir='ltr'>in</span> <span class='ocrx_word' id='word_1_194' title='bbox 578 3733 761 3807; x_wconf 88' lang='lat' dir='ltr'>certamine</span> <span class='ocrx_word' id='word_1_195' title='bbox 773 3731 936 3830; x_wconf 85' lang='lat' dir='ltr'>jurgiove</span> <span class='ocrx_word' id='word_1_196' title='bbox 963 3731 1162 3810; x_wconf 88' lang='lat' dir='ltr'>seditionem</span> <span class='ocrx_word' id='word_1_197' title='bbox 1178 3755 1239 3808; x_wconf 90' lang='lat' dir='ltr'>aut</span> 
     </span>
     <span class='ocr_line' id='line_1_29' title="bbox 272 3849 946 3954; baseline 0 -30"><span class='ocrx_word' id='word_1_198' title='bbox 272 3853 410 3925; x_wconf 91' lang='lat' dir='ltr'>cladem</span> <span class='ocrx_word' id='word_1_199' title='bbox 425 3850 653 3926; x_wconf 91' lang='lat' dir='ltr'>commilitoni</span> <span class='ocrx_word' id='word_1_200' title='bbox 669 3849 866 3947; x_wconf 73' lang='lat' dir='ltr'>objectaret.</span> <span class='ocrx_word' id='word_1_201' title='bbox 941 3945 946 3954; x_wconf 26' lang='grc' dir='ltr'>ι</span> 
     </span>
    </p>
   </div>
   <div class='ocr_carea' id='block_1_3' title="bbox 0 0 1521 5144">
    <p class='ocr_par' dir='ltr' id='par_1_3' title="bbox 0 0 1521 5144">
     <span class='ocr_line' id='line_1_30' title="bbox 0 0 1521 5144; baseline 0 0"><span class='ocrx_word' id='word_1_202' title='bbox 0 0 1521 5144; x_wconf 95' lang='lat' dir='ltr'> </span> 
     </span>
    </p>
   </div>
  </div>
 </body>
</html>
