2978 5144
264 522 314 611 46
414 475 421 488 .
466 516 1035 591 C.Conrrss11Tncrrr

259 687 450 777 Vatinium,
468 686 508 760 iis
520 687 732 760 orationibus
741 685 880 760 insecuti
896 687 987 778 sunt,
1012 710 1097 785 quas
1113 686 1243 761 bodie·

258 833 327 906 que
343 833 425 882 cum
442 806 665 879 admiratione
677 806 835 903 legimus.

307 928 465 1001 XXXV.
492 931 552 998 Ar
568 951 660 998 nunc
677 923 920 998 adolescentuli
936 923 1037 999 nostri
1052 924 1239 997 deducun-

258 1064 315 1120 tur
335 1044 371 1118 in
392 1042 507 1117 scenas
530 1043 822 1132 scholasticorum,
854 1044 914 1140 qui
938 1046 1088 1117 rhetores
1105 1069 1238 1116 vocan-

258 1183 337 1237 tur:
356 1189 445 1260 quos
466 1165 582 1260 paullo
597 1183 676 1235 ante
690 1161 866 1237 Ciceronis
883 1184 1041 1259 tempora
1057 1160 1238 1250 exstitiffe,

259 1307 324 1357 nec
341 1281 503 1379 placuisse
519 1278 705 1378 majoribus
721 1280 858 1370 nostris,
888 1307 933 1356 ex
956 1307 998 1354 eo
1014 1279 1238 1354 manifestum

259 1400 323 1491 est,
349 1399 460 1497 quod,
485 1404 531 1473 L.
547 1401 665 1474 Crasso
682 1405 715 1474 δι
733 1400 890 1473 Domitio
914 1398 1127 1489 censoribus,
1156 1401 1235 1472 clu-

258 1521 353 1610 dere,
382 1538 421 1591 ut
437 1519 483 1592 ait
500 1519 636 1609 Cicero,
666 1520 790 1593 ludum
808 1518 1031 1616 impudentiae
1047 1516 1126 1615 juffi
1143 1517 1236 1592 sunt.

257 1639 340 1728 Sed,
368 1657 406 1711 ut
440 1639 553 1712 dicere
582 1638 806 1728 institueram,
832 1639 1048 1712 deducuntur
1071 1639 1107 1710 in
1133 1637 1234 1712 scho-

261 1759 326 1848 las,
355 1757 496 1854 quibus,
525 1783 596 1831 non
624 1758 721 1832 facile
746 1757 909 1846 dixerim,
941 1775 1102 1830 utrumne
1135 1759 1236 1831 locus

259 1875 346 1974 ipse,
379 1903 424 1951 an
455 1875 698 1975 condiscipuli,
725 1902 770 1950 an
800 1902 909 1975 genus
938 1877 1128 1951 studiorum
1154 1877 1236 1972 plus

255 1995 339 2073 mali
367 1996 514 2094 ingeniis
539 1999 691 2071 afferant.
739 1997 835 2070 Nam
859 1996 895 2069 in
919 1997 998 2070 loco
1025 1996 1111 2069 nihil
1131 2021 1232 2070 reve·

223 2214 228 2221 Ι
260 2114 394 2204 remia,
421 2114 477 2190 sed
494 2117 531 2190 in
548 2143 654 2214 quem
673 2142 775 2190 nemo
792 2116 852 2188 nist
869 2117 967 2213 aqud
983 2115 1160 2212 imperitus
1176 2114 1233 2187 in·

259 2252 335 2312 trac.
384 2236 425 2306 In
446 2235 687 2332 condiscipulis
710 2235 797 2308 nihil
818 2233 1003 2332 prosesbls,
1028 2234 1111 2307 clun
1135 2233 1235 2330 pueri

262 2352 351 2425 inter
367 2378 505 2449 pueros,
533 2359 565 2426 δι
583 2353 824 2428 adolescentuli
850 2354 936 2428 inter
952 2351 1236 2442 adolescentulos,

258 2468 333 2568 pari
349 2468 523 2545 securitate
540 2478 574 2547 ὃι
591 2471 723 2563 dicant,
749 2478 781 2547 ὃ(
807 2475 998 2548 audiantur.
1046 2472 1130 2571 lpsae
1147 2471 1233 2546 verb

258 2589 518 2665 exercitationes
536 2594 662 2689 magns
680 2617 723 2665 ex
742 2612 835 2689 parte
852 2593 1041 2666 contraria.
1089 2593 1233 2690 Nempe

257 2712 352 2784 enim
368 2713 440 2783 duo
464 2736 590 2808 genera
613 2713 833 2785 materiarum
856 2713 950 2809 apud
975 2713 1124 2783 rhetores
1140 2731 1231 2784 trac-

258 2851 388 2922 tantur,
406 2830 570 2920 suasoria,
598 2837 630 2904 δι
648 2834 897 2904 controverslae.
948 2833 1004 2902 Ex
1022 2830 1060 2903 iis
1077 2828 1232 2904 suasoriae

258 2951 416 3048 quidem,
451 2954 509 3022 etsi
543 2971 720 3047 tamquam
751 2950 852 3046 plane
886 2949 1085 3024 leviores&
1115 2949 1231 3024 minus

257 3068 447 3168 prudentia
477 3069 668 3165 exigentes,
700 3068 811 3164 pueris
839 3070 1061 3166 delegantur3
1092 3089 1228 3141 contro·

256 3192 372 3262 versrae
390 3187 632 3262 robustioribus
650 3187 880 3284 adsignantur,
894 3191 1011 3285 quales
1030 3189 1229 3284 perfidem,

256 3313 290 3382 δι
316 3308 423 3405 quiam
447 3306 692 3379 incredibiliter
715 3310 933 3402 composita!
978 3307 1136 3405 Sequitur
1164 3334 1227 3380 au·

255 3448 326 3500 tem
344 3447 381 3498 ut
397 3425 559 3513 materiae,
585 3424 782 3498 abhorrenti
807 3451 826 3497 a
847 3425 1002 3515 veritate,
1020 3426 1228 3498 declamatio

255 3570 397 3642 quoque
429 3544 640 3617 adhibeatur.
700 3544 754 3615 Sic
789 3545 827 3615 fit
856 3565 894 3616 ut
927 3544 1226 3640 tyrannicidarum

256 3663 410 3760 praemia‚
436 3683 493 3735 aut
510 3662 704 3736 vitiatarum
728 3662 922 3753 elesliones,
949 3685 1008 3736 aut
1028 3664 1226 3760 pestilentiae

252 3782 417 3870 remedia,
450 3802 509 3853 aut
541 3781 667 3854 incesta
699 3802 862 3870 matrum,
896 3803 954 3854 aut
986 3782 1156 3879 quidquid
1189 3783 1227 3856 in

254 3898 367 3978 schol&
385 3899 538 4000 quotidie
554 3900 680 4000 agitur,
704 3900 741 3978 in
757 3899 832 3975 soro
851 3902 908 3978 vel
924 3901 1012 3994 rard,
1037 3904 1094 3976 vel
1119 3927 1222 3977 num·
