3000 5144
270 576 340 644 204
474 551 1056 626 C.Coaunr,11TAcrrr

266 724 351 796 nuit.
401 724 500 820 lique
523 750 657 813 omnes,
682 726 727 796 de
744 722 952 796 festinatione
976 721 1083 795 Primi
1100 749 1140 796 ac
1156 724 1238 798 Vari

266 843 406 931 finistrc,
435 848 468 914 δι
499 843 669 915 Muciano
698 838 859 914 violentia
887 840 1096 937 rescripsere.
1146 843 1235 938 Qri-

267 965 329 1033 bns
355 962 504 1057 epistolis
532 961 734 1058 Vespasiano
763 962 877 1048 missis,
907 961 1077 1049 effecerat,
1106 980 1237 1034 utnon

264 1080 410 1177 prospe
450 1080 609 1169 Antonii,
635 1080 774 1153 consilia
798 1078 955 1177 laetaque
989 1078 1058 1176 ejus
1089 1079 1237 1152 aestima·

264 1221 392 1271 rentur.

316 1320 414 1390 Llll.
439 1319 564 1392 AEonn
596 1318 633 1390 id
656 1318 726 1415 pati
756 1317 943 1405 Antonius,
975 1322 1008 1390 δι
1034 1316 1174 1412 culpam
1200 1316 1236 1389 in

262 1437 472 1509 Mucianum
499 1437 665 1526 conferre,
692 1433 788 1531 cujus
814 1435 1108 1509 criminationibus
1124 1433 1235 1507 evilu-

261 1557 361 1629 ill'ent
374 1556 523 1651 pericula
535 1556 609 1629 sua:
629 1581 693 1629 nec
710 1555 920 1630 sermonibus
932 1557 1156 1651 temperabat,
1171 1554 1237 1627 im·

263 1676 423 1748 modicus
451 1676 580 1772 lingua,
612 1680 644 1748 &
674 1673 826 1770 obsequii
859 1672 1027 1745 insolens:
1053 1673 1166 1744 literas
1189 1673 1235 1745 ad

262 1793 505 1891 Vespasianum
522 1792 730 1890 composuit,
742 1791 923 1889 jactantius
946 1794 1052 1889 quarn
1077 1793 1122 1864 ad
1135 1792 1234 1864 Prin·

264 1913 394 2010 cipem,
429 1938 492 1985 nec
522 1915 590 1985 fine
617 1912 754 1986 occulta
782 1911 817 1983 in
849 1911 1059 1984 Mucianum
1093 1909 1234 1984 insesta-

262 2032 378 2104 tione:
408 2039 435 2074 “
458 2035 500 2104 Se
517 2031 732 2105 Pannonicas
748 2032 901 2129 legiones
924 2031 958 2103 in
985 2056 1080 2103 arma
1102 2029 1231 2129 egisse:

263 2157 290 2193 “
309 2151 374 2224 suis
389 2149 534 2223 stimulis
550 2150 679 2223 excitos
696 2154 831 2223 lllloesrae
856 2151 975 2238 duces,
1002 2148 1058 2221 sua
1075 2149 1233 2222 constan·

263 2278 291 2314 ‘⁶
308 2271 353 2342 tia
379 2287 556 2365 perruptas
584 2270 706 2365 Alpes,
730 2289 935 2365 occupatam
956 2268 1106 2359 Italiam,
1132 2268 1234 2340 inter-

262 2395 290 2431 “
308 2387 400 2483 septa
411 2390 663 2458 Germanorum
681 2391 933 2483 Raetorumque
948 2387 1087 2459 auxilia.
1125 2387 1234 2483 Qrdd

262 2514 290 2551 “
308 2504 494 2594 discordes,
513 2503 738 2600 dispersasque
762 2505 891 2576 Vitellii
908 2506 1062 2602 legiones
1087 2504 1232 2602 equestri

262 2633 290 2669 “
309 2625 471 2722 procella,
489 2648 574 2696 mox
592 2622 750 2720 pediturn
768 2624 816 2714 vi,
835 2649 896 2720 per
911 2624 1005 2696 diem
1022 2626 1232 2721 nostemque

261 2754 288 2788 “
306 2743 454 2831 fudisset,
471 2741 508 2814 id
525 2741 814 2839 pulcherrimum,
833 2747 866 2815 δι
884 2741 932 2814 sui
949 2742 1088 2839 operis:
1116 2741 1232 2818 casum
1289 2810 1291 2815 .

233 2910 236 2914 >
261 2874 289 2911 “
307 2867 504 2951 Cremonae,
523 2863 615 2934 bello
640 2861 908 2957 imputandnmz
935 2859 1064 2957 majore
1086 2863 1233 2952 damn0,

261 2993 288 3028 “
308 2984 456 3080 plurium
474 2980 613 3053 urbium
631 2980 785 3069 excidiis,
813 3001 940 3052 veteres
957 2981 1086 3053 civium
1103 2979 1229 3053 discor-

261 3112 288 3146 “
306 3103 380 3174 dias
397 3099 592 3196 reipublicae
615 3098 747 3170 stetisse.
797 3101 882 3171 Non
898 3099 930 3172 se
948 3099 1088 3189 nuntiis,
1114 3125 1231 3197 neque

260 3231 287 3266 “
306 3220 468 3317 epistolis,
508 3219 565 3291 sed
597 3244 701 3291 manu
731 3224 764 3290 ὅτ
798 3218 901 3292 armis
933 3219 1134 3316 Imperatori
1168 3218 1231 3292 suo

260 3350 287 3384 “
306 3340 474 3412 militare:
519 3362 630 3433 neque
663 3338 800 3409 officere
834 3338 951 3434 gloriae
990 3365 1123 3426 eorum,
1167 3338 1229 3435 qui

259 3467 287 3503 “
306 3462 423 3531 Asiam
444 3456 582 3528 interim
609 3455 885 3552 composuerint:
913 3456 979 3529 illis
1001 3460 1135 3529 Moesrae
1166 3482 1229 3552 pa·

260 3587 288 3622 “
305 3603 395 3663 cem,
427 3576 487 3647 fibi
515 3573 658 3646 salutem
674 3572 960 3671 securitatemque
978 3576 1098 3663 ltaliae,
1131 3574 1229 3647 cordi

258 3705 285 3739 “
304 3696 410 3768 soille.
460 3693 533 3765 Suis
555 3692 852 3765 exhortationibus
869 3694 998 3765 Gallias
1026 3691 1228 3790 Hispanias·

259 3821 287 3860 “
305 3839 386 3908 que,
413 3811 651 3884 validissimam
679 3832 839 3884 terrarum
862 3833 1007 3907 partem,
1033 3813 1078 3884 ad
1102 3811 1229 3907 Vespa·

261 3939 288 3981 ‘⁶
308 3935 437 4005 sianum
467 3929 656 4006 conversas.
721 3932 789 4005 Sed
827 3931 985 4007 cecidisse
1023 3931 1060 4009 in
1092 3930 1229 4011 irritum
