3000 5144
260 547 328 641 328
460 539 1045 614 CConuanrthtcrrt

259 713 428 811 opperiri:
475 713 727 810 poscebantque
768 713 931 810 pericula,
965 736 1044 808 pars
1084 707 1233 797 virtute,

257 833 359 905 multi
383 830 521 924 ferocia,
548 833 760 929 &cupidine
776 832 1008 929 praemiorum.
1056 830 1123 925 lpsr
1146 827 1236 899 Tito

260 955 390 1039 Roma,
408 956 441 1022 a
459 977 556 1048 opes,
582 951 839 1048 voluptatesque
856 971 934 1024 ante
957 949 1098 1032 oculos;
1124 972 1183 1035 ac,
1200 944 1237 1018 ni

259 1069 372 1143 statim
398 1068 638 1165 Hierosolyma
655 1070 889 1159 conciderent,
915 1067 1041 1140 morari
1065 1065 1236 1138 videban-

260 1209 328 1262 tur.
377 1190 444 1261 Sed
477 1192 611 1275 urbem,
646 1189 787 1261 arduam
821 1193 897 1276 situ,
926 1210 1030 1281 opera
1057 1181 1239 1279 molesque

261 1311 492 1396 firmaverant,
508 1309 586 1404 quls
598 1310 653 1380 vel
667 1309 768 1404 plana
785 1307 861 1378 satis
874 1305 1101 1378 munirentur.
1137 1303 1238 1373 Nam

261 1430 350 1501 duos
376 1429 493 1516 colles,
524 1427 731 1498 immensum
758 1425 881 1511 editos,
910 1423 1115 1496 claudebant
1143 1417 1238 1491 muri

263 1572 325 1642 per
349 1566 459 1619 artem
477 1544 625 1640 obliqui,
651 1564 708 1615 aut
733 1542 891 1617 introrsus
917 1540 1048 1629 sinuati,
1075 1557 1114 1611 ut
1130 1540 1240 1611 latera

261 1664 553 1763 oppugnantium,
596 1664 641 1734 ad
669 1662 754 1733 istus
784 1660 1002 1759 patescerent.
1069 1659 1241 1729 Extrema

263 1785 369 1880 rupis,
399 1785 566 1878 abrupta:
595 1788 628 1853 lla
657 1802 776 1868 turres,
806 1778 866 1852 ubi
893 1804 994 1851 mons
1012 1775 1166 1873 juvisset,
1201 1774 1239 1845 in

262 1903 436 2000 sexaginta
460 1903 578 1998 pedes3
608 1900 694 1972 inter
718 1900 864 1988 devexa,
894 1898 930 1969 in
956 1918 1118 1969 centenos
1142 1893 1241 1967 vice·

264 2021 395 2117 nosque
419 2022 684 2103 attollebantur3
713 2018 797 2090 mirfi
821 2016 944 2113 specie,
977 2042 1016 2088 ac
1041 2015 1160 2111 procul
1184 2013 1238 2086 in·

264 2140 441 2211 tuentibus
471 2164 577 2233 pares.
629 2138 709 2210 Alia
741 2137 831 2208 intus
863 2135 1005 2222 moenia,
1034 2131 1137 2230 regiae
1171 2132 1239 2205 cit-

265 2256 454 2351 cumjesta:
486 2254 742 2351 conspicuoque
758 2255 895 2351 fastigio
912 2253 1010 2326 turris
1028 2252 1178 2341 Ausona,
1202 2250 1240 2324 in

264 2376 433 2447 honorem
450 2376 505 2446 M.
525 2372 669 2445 Antonii
686 2375 730 2445 ab
748 2375 894 2446 Herode
911 2375 1092 2469 appellata.

311 2494 394 2564 Xll.
419 2493 622 2563 Tamum
658 2491 694 2563 in
727 2495 875 2566 modum
908 2493 1006 2580 arcis,
1038 2490 1241 2589 propriique

265 2612 371 2700 muri,
400 2612 517 2683 labore
543 2614 576 2681 St
598 2635 702 2705 opere
727 2631 805 2684 ante
829 2612 935 2684 alios:
967 2610 1037 2707 ipse
1068 2610 1239 2707 porticus,

267 2732 346 2827 quls
373 2730 545 2825 templum
573 2728 802 2819 ambiebatur,
832 2729 1012 2827 egregium
1040 2755 1241 2827 propugna-

267 2850 398 2922 culum.
462 2850 556 2918 Fons
589 2847 746 2943 perennis
775 2874 886 2944 aquae,
922 2848 1034 2920 cavati
1062 2846 1124 2920 sub
1151 2850 1241 2921 terra

266 2990 422 3052 montes;
443 2971 475 3036 δι
490 2966 625 3061 piscinae
637 2966 856 3061 cisternaeque
873 2965 1043 3039 servandis
1058 2966 1243 3040 imbribus.

266 3086 498 3161 Praeviderant
517 3083 725 3171 conditores,
740 3109 784 3156 ex
801 3085 990 3158 diversitate
1001 3111 1152 3173 morum,
1168 3111 1242 3157 cre·

267 3209 331 3281 bra
348 3206 463 3276 bella:
492 3202 571 3272 inde
588 3204 722 3290 cuncla,
742 3203 897 3298 quamtis
913 3205 1076 3275 adversus
1093 3205 1242 3298 longum

270 3323 464 3403 obsidium3
494 3325 526 3391 8<
552 3347 572 3391 a
588 3320 758 3414 Pompeio
785 3323 992 3418 expugnatis
1009 3342 1120 3394 metus
1136 3343 1242 3418 atque

268 3443 346 3515 usus
377 3445 539 3536 pleraque
571 3439 814 3511 monstravere.
881 3446 1012 3537 Atque,
1043 3467 1103 3537 per
1130 3440 1241 3512 avari·

269 3562 354 3638 tiam
371 3559 641 3632 Claudianorum
659 3579 872 3653 temporum,
901 3581 1020 3655 empto
1030 3557 1107 3655 jure
1125 3560 1240 3632 muni-

271 3681 364 3768 endi,
395 3680 546 3750 struxere
575 3703 690 3748 muros
716 3677 750 3747 in
777 3703 874 3773 pace,
902 3700 1079 3775 tamquam
1104 3680 1148 3750 ad
1167 3679 1240 3751 bel·

271 3801 367 3882 lum;
395 3799 520 3892 magula
537 3795 700 3883 colluvie,
730 3801 761 3868 &
780 3818 967 3869 ceterarum
984 3798 1125 3870 urbium
1143 3799 1241 3870 clade

270 3915 383 3990 audi:
411 3940 492 3989 nam
511 3915 795 4011 pervicacissimus
820 3916 961 4015 quisque
983 3916 1063 3990 illue
1077 3914 1240 4016 perfuge-
