<?xml version="1.0" encoding="UTF-8"?>
<!DOCTYPE html PUBLIC "-//W3C//DTD XHTML 1.0 Transitional//EN"
    "http://www.w3.org/TR/xhtml1/DTD/xhtml1-transitional.dtd">
<html xmlns="http://www.w3.org/1999/xhtml" xml:lang="en" lang="en">
 <head>
  <title>
</title>
<meta http-equiv="Content-Type" content="text/html;charset=utf-8" />
  <meta name='ocr-system' content='tesseract 3.04.00' />
  <meta name='ocr-capabilities' content='ocr_page ocr_carea ocr_par ocr_line ocrx_word'/>
</head>
<body>
  <div class='ocr_page' id='page_1' title='image "./ccorneliitaciti02ernegoog_0030.png"; bbox 0 0 3000 5144; ppageno 0'>
   <div class='ocr_carea' id='block_1_1' title="bbox 339 525 1233 619">
    <p class='ocr_par' dir='ltr' id='par_1_1' title="bbox 339 525 1233 619">
     <span class='ocr_line' id='line_1_1' title="bbox 339 525 1233 619; baseline 0.004 -4"><span class='ocrx_word' id='word_1_1' title='bbox 339 525 342 532; x_wconf 52' lang='grc'><em>’</em></span> <span class='ocrx_word' id='word_1_2' title='bbox 442 542 1046 618; x_wconf 81' lang='lat' dir='ltr'>Hrsrontnnoanrs.l.</span> <span class='ocrx_word' id='word_1_3' title='bbox 1191 571 1233 619; x_wconf 83' lang='lat'>21</span> 
     </span>
    </p>
   </div>
   <div class='ocr_carea' id='block_1_2' title="bbox 262 712 1267 3407">
    <p class='ocr_par' dir='ltr' id='par_1_2' title="bbox 262 712 1267 2229">
     <span class='ocr_line' id='line_1_2' title="bbox 269 712 1237 813; baseline 0.003 -26"><span class='ocrx_word' id='word_1_4' title='bbox 269 712 507 812; x_wconf 77' lang='lat' dir='ltr'>perditissimo,</span> <span class='ocrx_word' id='word_1_5' title='bbox 537 741 609 788; x_wconf 93' lang='lat' dir='ltr'>non</span> <span class='ocrx_word' id='word_1_6' title='bbox 624 716 710 813; x_wconf 88' lang='lat' dir='ltr'>agri,</span> <span class='ocrx_word' id='word_1_7' title='bbox 728 735 786 789; x_wconf 92' lang='lat' dir='ltr'>aut</span> <span class='ocrx_word' id='word_1_8' title='bbox 812 715 924 805; x_wconf 88' lang='lat' dir='ltr'>fenus,</span> <span class='ocrx_word' id='word_1_9' title='bbox 948 716 1004 789; x_wconf 95' lang='lat' dir='ltr'>sed</span> <span class='ocrx_word' id='word_1_10' title='bbox 1027 717 1096 790; x_wconf 88' lang='lat' dir='ltr'>sola</span> <span class='ocrx_word' id='word_1_11' title='bbox 1116 717 1237 790; x_wconf 86' lang='lat' dir='ltr'>instru-</span> 
     </span>
     <span class='ocr_line' id='line_1_3' title="bbox 269 833 1236 932; baseline 0.002 -27"><span class='ocrx_word' id='word_1_12' title='bbox 269 853 387 906; x_wconf 86' lang='lat' dir='ltr'>menta</span> <span class='ocrx_word' id='word_1_13' title='bbox 422 833 584 905; x_wconf 87' lang='lat' dir='ltr'>vitiorum</span> <span class='ocrx_word' id='word_1_14' title='bbox 625 854 814 906; x_wconf 89' lang='lat' dir='ltr'>manerent.</span> <span class='ocrx_word' id='word_1_15' title='bbox 876 836 1060 908; x_wconf 68' lang='lat' dir='ltr'>Exadioni</span> <span class='ocrx_word' id='word_1_16' title='bbox 1096 834 1236 932; x_wconf 85' lang='lat' dir='ltr'>triginta</span> 
     </span>
     <span class='ocr_line' id='line_1_4' title="bbox 270 951 1232 1051; baseline 0.006 -30"><span class='ocrx_word' id='word_1_17' title='bbox 270 951 403 1047; x_wconf 87' lang='lat' dir='ltr'>equites</span> <span class='ocrx_word' id='word_1_18' title='bbox 428 951 582 1023; x_wconf 88' lang='lat' dir='ltr'>Romani</span> <span class='ocrx_word' id='word_1_19' title='bbox 611 952 779 1048; x_wconf 82' lang='lat' dir='ltr'>praeposrti</span> <span class='ocrx_word' id='word_1_20' title='bbox 792 982 804 1037; x_wconf 82' lang='lat'>3</span> <span class='ocrx_word' id='word_1_21' title='bbox 835 978 965 1025; x_wconf 86' lang='lat' dir='ltr'>novum</span> <span class='ocrx_word' id='word_1_22' title='bbox 989 953 1090 1024; x_wconf 89' lang='lat' dir='ltr'>officii</span> <span class='ocrx_word' id='word_1_23' title='bbox 1111 979 1232 1051; x_wconf 86' lang='lat' dir='ltr'>genus,</span> 
     </span>
     <span class='ocr_line' id='line_1_5' title="bbox 267 1068 1233 1168; baseline 0.003 -28"><span class='ocrx_word' id='word_1_24' title='bbox 267 1068 460 1141; x_wconf 82' lang='lat' dir='ltr'>&amp;ambitu</span> <span class='ocrx_word' id='word_1_25' title='bbox 492 1094 531 1140; x_wconf 89' lang='lat' dir='ltr'>ac</span> <span class='ocrx_word' id='word_1_26' title='bbox 558 1095 703 1142; x_wconf 90' lang='lat' dir='ltr'>numero</span> <span class='ocrx_word' id='word_1_27' title='bbox 727 1069 934 1143; x_wconf 90' lang='lat' dir='ltr'>onerosum:</span> <span class='ocrx_word' id='word_1_28' title='bbox 970 1071 1100 1168; x_wconf 88' lang='lat' dir='ltr'>ubique</span> <span class='ocrx_word' id='word_1_29' title='bbox 1125 1072 1233 1162; x_wconf 89' lang='lat' dir='ltr'>hasta,</span> 
     </span>
     <span class='ocr_line' id='line_1_6' title="bbox 268 1184 1233 1283; baseline 0.003 -25"><span class='ocrx_word' id='word_1_30' title='bbox 268 1190 303 1258; x_wconf 78' lang='grc' dir='ltr'>δι</span> <span class='ocrx_word' id='word_1_31' title='bbox 318 1184 445 1272; x_wconf 57' lang='lat' dir='ltr'>seston</span> <span class='ocrx_word' id='word_1_32' title='bbox 476 1186 678 1283; x_wconf 85' lang='lat' dir='ltr'>&amp;inquieta</span> <span class='ocrx_word' id='word_1_33' title='bbox 699 1190 782 1260; x_wconf 89' lang='lat' dir='ltr'>urbs</span> <span class='ocrx_word' id='word_1_34' title='bbox 810 1188 1036 1261; x_wconf 73' lang='lat' dir='ltr'>auctionibus.</span> <span class='ocrx_word' id='word_1_35' title='bbox 1067 1194 1233 1261; x_wconf 87' lang='lat' dir='ltr'>Attamen</span> 
     </span>
     <span class='ocr_line' id='line_1_7' title="bbox 267 1305 1232 1403; baseline 0.004 -28"><span class='ocrx_word' id='word_1_36' title='bbox 267 1307 397 1400; x_wconf 81' lang='lat' dir='ltr'>grande</span> <span class='ocrx_word' id='word_1_37' title='bbox 413 1305 593 1401; x_wconf 86' lang='lat' dir='ltr'>gaudium,</span> <span class='ocrx_word' id='word_1_38' title='bbox 614 1305 709 1402; x_wconf 77' lang='lat' dir='ltr'>quod</span> <span class='ocrx_word' id='word_1_39' title='bbox 726 1327 797 1378; x_wconf 87' lang='lat' dir='ltr'>tam</span> <span class='ocrx_word' id='word_1_40' title='bbox 815 1319 979 1402; x_wconf 79' lang='lat' dir='ltr'>pauperes</span> <span class='ocrx_word' id='word_1_41' title='bbox 1006 1306 1129 1395; x_wconf 89' lang='lat' dir='ltr'>forent,</span> <span class='ocrx_word' id='word_1_42' title='bbox 1156 1307 1232 1403; x_wconf 90' lang='lat' dir='ltr'>qui·</span> 
     </span>
     <span class='ocr_line' id='line_1_8' title="bbox 264 1424 1232 1521; baseline 0 -23"><span class='ocrx_word' id='word_1_43' title='bbox 264 1425 329 1498; x_wconf 92' lang='lat' dir='ltr'>bus</span> <span class='ocrx_word' id='word_1_44' title='bbox 368 1424 521 1496; x_wconf 82' lang='lat' dir='ltr'>donasset</span> <span class='ocrx_word' id='word_1_45' title='bbox 566 1426 676 1512; x_wconf 90' lang='lat' dir='ltr'>Nero,</span> <span class='ocrx_word' id='word_1_46' title='bbox 731 1426 838 1519; x_wconf 75' lang='lat' dir='ltr'>quhm</span> <span class='ocrx_word' id='word_1_47' title='bbox 876 1425 1001 1521; x_wconf 91' lang='lat' dir='ltr'>quibus</span> <span class='ocrx_word' id='word_1_48' title='bbox 1034 1425 1232 1499; x_wconf 82' lang='lat' dir='ltr'>abstulisset.</span> 
     </span>
     <span class='ocr_line' id='line_1_9' title="bbox 268 1542 1267 1640; baseline 0.001 -27"><span class='ocrx_word' id='word_1_49' title='bbox 268 1543 491 1614; x_wconf 71' lang='lat' dir='ltr'>Exauclorati</span> <span class='ocrx_word' id='word_1_50' title='bbox 509 1568 570 1639; x_wconf 89' lang='lat' dir='ltr'>per</span> <span class='ocrx_word' id='word_1_51' title='bbox 588 1568 645 1616; x_wconf 89' lang='lat' dir='ltr'>eos</span> <span class='ocrx_word' id='word_1_52' title='bbox 669 1542 742 1615; x_wconf 91' lang='lat' dir='ltr'>dies</span> <span class='ocrx_word' id='word_1_53' title='bbox 764 1543 905 1630; x_wconf 91' lang='lat' dir='ltr'>tribuni,</span> <span class='ocrx_word' id='word_1_54' title='bbox 932 1568 952 1614; x_wconf 93' lang='lat' dir='ltr'>e</span> <span class='ocrx_word' id='word_1_55' title='bbox 975 1548 1134 1640; x_wconf 83' lang='lat' dir='ltr'>praetorio</span> <span class='ocrx_word' id='word_1_56' title='bbox 1156 1548 1233 1615; x_wconf 89' lang='lat' dir='ltr'>An·</span> <span class='ocrx_word' id='word_1_57' title='bbox 1264 1609 1267 1613; x_wconf 79' lang='grc'><strong><em>,</em></strong></span> 
     </span>
     <span class='ocr_line' id='line_1_10' title="bbox 265 1659 1234 1749; baseline 0.004 -19"><span class='ocrx_word' id='word_1_58' title='bbox 265 1659 378 1732; x_wconf 87' lang='lat' dir='ltr'>tonius</span> <span class='ocrx_word' id='word_1_59' title='bbox 407 1662 558 1749; x_wconf 85' lang='lat' dir='ltr'>Taurus,</span> <span class='ocrx_word' id='word_1_60' title='bbox 584 1666 617 1734; x_wconf 78' lang='grc' dir='ltr'>δι</span> <span class='ocrx_word' id='word_1_61' title='bbox 647 1659 822 1733; x_wconf 87' lang='lat' dir='ltr'>Antonius</span> <span class='ocrx_word' id='word_1_62' title='bbox 850 1659 969 1732; x_wconf 85' lang='lat' dir='ltr'>Naso:</span> <span class='ocrx_word' id='word_1_63' title='bbox 1004 1686 1048 1733; x_wconf 87' lang='lat' dir='ltr'>ex</span> <span class='ocrx_word' id='word_1_64' title='bbox 1082 1661 1234 1734; x_wconf 88' lang='lat' dir='ltr'>Urbanis</span> 
     </span>
     <span class='ocr_line' id='line_1_11' title="bbox 266 1777 1233 1874; baseline 0.003 -25"><span class='ocrx_word' id='word_1_65' title='bbox 266 1777 478 1867; x_wconf 83' lang='lat' dir='ltr'>cohortibus,</span> <span class='ocrx_word' id='word_1_66' title='bbox 503 1779 666 1851; x_wconf 90' lang='lat' dir='ltr'>AEmilius</span> <span class='ocrx_word' id='word_1_67' title='bbox 694 1780 870 1851; x_wconf 84' lang='lat' dir='ltr'>Pacenfis:</span> <span class='ocrx_word' id='word_1_68' title='bbox 898 1803 918 1850; x_wconf 93' lang='lat' dir='ltr'>e</span> <span class='ocrx_word' id='word_1_69' title='bbox 949 1778 1091 1874; x_wconf 86' lang='lat' dir='ltr'>vigiliis,</span> <span class='ocrx_word' id='word_1_70' title='bbox 1120 1779 1233 1872; x_wconf 84' lang='lat' dir='ltr'>Julius</span> 
     </span>
     <span class='ocr_line' id='line_1_12' title="bbox 265 1893 1231 1984; baseline 0.001 -16"><span class='ocrx_word' id='word_1_71' title='bbox 265 1895 408 1968; x_wconf 86' lang='lat' dir='ltr'><strong>Fronto.</strong></span> <span class='ocrx_word' id='word_1_72' title='bbox 458 1899 536 1970; x_wconf 90' lang='lat' dir='ltr'>Nec</span> <span class='ocrx_word' id='word_1_73' title='bbox 558 1896 749 1970; x_wconf 89' lang='lat' dir='ltr'>remedium</span> <span class='ocrx_word' id='word_1_74' title='bbox 766 1895 801 1967; x_wconf 93' lang='lat' dir='ltr'>in</span> <span class='ocrx_word' id='word_1_75' title='bbox 828 1915 958 1968; x_wconf 88' lang='lat' dir='ltr'>ceteros</span> <span class='ocrx_word' id='word_1_76' title='bbox 975 1893 1053 1984; x_wconf 91' lang='lat' dir='ltr'>suit,</span> <span class='ocrx_word' id='word_1_77' title='bbox 1078 1894 1135 1968; x_wconf 92' lang='lat' dir='ltr'>sed</span> <span class='ocrx_word' id='word_1_78' title='bbox 1158 1922 1231 1969; x_wconf 89' lang='lat' dir='ltr'>me-</span> 
     </span>
     <span class='ocr_line' id='line_1_13' title="bbox 262 2004 1229 2112; baseline 0.007 -29"><span class='ocrx_word' id='word_1_79' title='bbox 262 2013 318 2085; x_wconf 78' lang='lat' dir='ltr'>tbs</span> <span class='ocrx_word' id='word_1_80' title='bbox 334 2012 491 2087; x_wconf 76' lang='lat' dir='ltr'>initiumz</span> <span class='ocrx_word' id='word_1_81' title='bbox 521 2034 700 2112; x_wconf 83' lang='lat' dir='ltr'>tamquam</span> <span class='ocrx_word' id='word_1_82' title='bbox 722 2039 783 2109; x_wconf 90' lang='lat' dir='ltr'>per</span> <span class='ocrx_word' id='word_1_83' title='bbox 808 2032 917 2086; x_wconf 88' lang='lat' dir='ltr'>artem</span> <span class='ocrx_word' id='word_1_84' title='bbox 947 2004 1229 2090; x_wconf 74' lang='lat' dir='ltr'>&amp;formidinem</span> 
     </span>
     <span class='ocr_line' id='line_1_14' title="bbox 265 2129 1014 2229; baseline 0 -26"><span class='ocrx_word' id='word_1_85' title='bbox 265 2131 388 2228; x_wconf 86' lang='lat' dir='ltr'>finguli</span> <span class='ocrx_word' id='word_1_86' title='bbox 414 2134 632 2229; x_wconf 88' lang='lat' dir='ltr'>pellerentur,</span> <span class='ocrx_word' id='word_1_87' title='bbox 659 2132 821 2204; x_wconf 89' lang='lat' dir='ltr'>omnibus</span> <span class='ocrx_word' id='word_1_88' title='bbox 846 2129 1014 2227; x_wconf 70' lang='lat' dir='ltr'>suspeslis.</span> 
     </span>
    </p>

    <p class='ocr_par' dir='ltr' id='par_1_3' title="bbox 263 2249 1230 3407">
     <span class='ocr_line' id='line_1_15' title="bbox 312 2249 1230 2346; baseline 0.002 -24"><span class='ocrx_word' id='word_1_89' title='bbox 312 2250 414 2323; x_wconf 90' lang='lat' dir='ltr'><strong>XXI.</strong></span> <span class='ocrx_word' id='word_1_90' title='bbox 439 2253 617 2325; x_wconf 65' lang='lat' dir='ltr'>lucaman</span> <span class='ocrx_word' id='word_1_91' title='bbox 634 2252 826 2338; x_wconf 87' lang='lat' dir='ltr'>Othonem,</span> <span class='ocrx_word' id='word_1_92' title='bbox 858 2249 929 2339; x_wconf 90' lang='lat' dir='ltr'>cui,</span> <span class='ocrx_word' id='word_1_93' title='bbox 956 2251 1149 2346; x_wconf 77' lang='lat' dir='ltr'>compositis</span> <span class='ocrx_word' id='word_1_94' title='bbox 1175 2277 1230 2325; x_wconf 88' lang='lat' dir='ltr'>re·</span> 
     </span>
     <span class='ocr_line' id='line_1_16' title="bbox 264 2367 1229 2468; baseline 0.003 -29"><span class='ocrx_word' id='word_1_95' title='bbox 264 2368 343 2457; x_wconf 88' lang='lat' dir='ltr'>bus,</span> <span class='ocrx_word' id='word_1_96' title='bbox 372 2369 467 2440; x_wconf 89' lang='lat' dir='ltr'>nulla</span> <span class='ocrx_word' id='word_1_97' title='bbox 482 2367 569 2468; x_wconf 88' lang='lat' dir='ltr'>spes,</span> <span class='ocrx_word' id='word_1_98' title='bbox 596 2393 700 2441; x_wconf 93' lang='lat' dir='ltr'>omne</span> <span class='ocrx_word' id='word_1_99' title='bbox 716 2367 752 2439; x_wconf 89' lang='lat' dir='ltr'>in</span> <span class='ocrx_word' id='word_1_100' title='bbox 768 2367 907 2439; x_wconf 90' lang='lat' dir='ltr'>turbido</span> <span class='ocrx_word' id='word_1_101' title='bbox 924 2369 1119 2457; x_wconf 87' lang='lat' dir='ltr'>confilium,</span> <span class='ocrx_word' id='word_1_102' title='bbox 1137 2373 1229 2443; x_wconf 88' lang='lat' dir='ltr'>mul-</span> 
     </span>
     <span class='ocr_line' id='line_1_17' title="bbox 263 2485 1229 2585; baseline 0.006 -29"><span class='ocrx_word' id='word_1_103' title='bbox 263 2503 298 2557; x_wconf 86' lang='lat' dir='ltr'>ta</span> <span class='ocrx_word' id='word_1_104' title='bbox 324 2487 422 2558; x_wconf 84' lang='lat' dir='ltr'>simul</span> <span class='ocrx_word' id='word_1_105' title='bbox 454 2487 744 2560; x_wconf 85' lang='lat' dir='ltr'>exstimulabant:</span> <span class='ocrx_word' id='word_1_106' title='bbox 775 2485 912 2558; x_wconf 87' lang='lat' dir='ltr'>luxuria</span> <span class='ocrx_word' id='word_1_107' title='bbox 943 2486 1047 2559; x_wconf 88' lang='lat' dir='ltr'>etiam</span> <span class='ocrx_word' id='word_1_108' title='bbox 1076 2487 1229 2585; x_wconf 90' lang='lat' dir='ltr'>Principi</span> 
     </span>
     <span class='ocr_line' id='line_1_18' title="bbox 263 2602 1230 2701; baseline 0.008 -27"><span class='ocrx_word' id='word_1_109' title='bbox 263 2602 415 2692; x_wconf 88' lang='lat' dir='ltr'>onerosa,</span> <span class='ocrx_word' id='word_1_110' title='bbox 444 2603 562 2700; x_wconf 89' lang='lat' dir='ltr'>inopia</span> <span class='ocrx_word' id='word_1_111' title='bbox 578 2604 638 2676; x_wconf 84' lang='lat' dir='ltr'>vix</span> <span class='ocrx_word' id='word_1_112' title='bbox 656 2604 791 2701; x_wconf 85' lang='lat' dir='ltr'>privato</span> <span class='ocrx_word' id='word_1_113' title='bbox 807 2603 997 2693; x_wconf 87' lang='lat' dir='ltr'>toleranda,</span> <span class='ocrx_word' id='word_1_114' title='bbox 1025 2604 1061 2676; x_wconf 92' lang='lat' dir='ltr'>in</span> <span class='ocrx_word' id='word_1_115' title='bbox 1078 2609 1230 2682; x_wconf 83' lang='lat' dir='ltr'>Galbam</span> 
     </span>
     <span class='ocr_line' id='line_1_19' title="bbox 264 2719 1224 2819; baseline 0.005 -26"><span class='ocrx_word' id='word_1_116' title='bbox 264 2720 322 2810; x_wconf 93' lang='lat' dir='ltr'>ira,</span> <span class='ocrx_word' id='word_1_117' title='bbox 350 2721 386 2794; x_wconf 92' lang='lat' dir='ltr'>in</span> <span class='ocrx_word' id='word_1_118' title='bbox 419 2719 577 2795; x_wconf 89' lang='lat' dir='ltr'>Pisonem</span> <span class='ocrx_word' id='word_1_119' title='bbox 605 2721 745 2794; x_wconf 90' lang='lat' dir='ltr'>invidia.</span> <span class='ocrx_word' id='word_1_120' title='bbox 805 2720 976 2819; x_wconf 80' lang='lat' dir='ltr'>Fingebat</span> <span class='ocrx_word' id='word_1_121' title='bbox 1009 2727 1042 2800; x_wconf 89' lang='lat'>&amp;</span> <span class='ocrx_word' id='word_1_122' title='bbox 1075 2744 1224 2816; x_wconf 89' lang='lat' dir='ltr'>metum,</span> 
     </span>
     <span class='ocr_line' id='line_1_20' title="bbox 264 2838 1227 2937; baseline 0.005 -26"><span class='ocrx_word' id='word_1_123' title='bbox 264 2864 333 2934; x_wconf 88' lang='lat' dir='ltr'>quo</span> <span class='ocrx_word' id='word_1_124' title='bbox 351 2840 461 2937; x_wconf 88' lang='lat' dir='ltr'>magis</span> <span class='ocrx_word' id='word_1_125' title='bbox 477 2838 743 2936; x_wconf 89' lang='lat' dir='ltr'>concupisceret.</span> <span class='ocrx_word' id='word_1_126' title='bbox 775 2845 802 2880; x_wconf 92' lang='lat'><strong>“</strong></span> <span class='ocrx_word' id='word_1_127' title='bbox 813 2840 1031 2935; x_wconf 83' lang='lat' dir='ltr'>Praegravem</span> <span class='ocrx_word' id='word_1_128' title='bbox 1046 2840 1078 2913; x_wconf 92' lang='lat' dir='ltr'>se</span> <span class='ocrx_word' id='word_1_129' title='bbox 1094 2843 1227 2916; x_wconf 91' lang='lat' dir='ltr'>Neroni</span> 
     </span>
     <span class='ocr_line' id='line_1_21' title="bbox 266 2955 1227 3045; baseline 0.005 -17"><span class='ocrx_word' id='word_1_130' title='bbox 266 2963 292 2998; x_wconf 89' lang='lat'><strong>“</strong></span> <span class='ocrx_word' id='word_1_131' title='bbox 310 2955 429 3033; x_wconf 81' lang='lat' dir='ltr'>fuisse:</span> <span class='ocrx_word' id='word_1_132' title='bbox 455 2984 519 3031; x_wconf 89' lang='lat' dir='ltr'>nec</span> <span class='ocrx_word' id='word_1_133' title='bbox 545 2958 757 3032; x_wconf 85' lang='lat' dir='ltr'>Lufitaniam</span> <span class='ocrx_word' id='word_1_134' title='bbox 775 2957 897 3045; x_wconf 87' lang='lat' dir='ltr'>rursus,</span> <span class='ocrx_word' id='word_1_135' title='bbox 917 2963 950 3030; x_wconf 71' lang='grc' dir='ltr'>δι</span> <span class='ocrx_word' id='word_1_136' title='bbox 967 2960 1103 3034; x_wconf 89' lang='lat' dir='ltr'>alterius</span> <span class='ocrx_word' id='word_1_137' title='bbox 1120 2962 1227 3033; x_wconf 78' lang='lat' dir='ltr'>exsilii</span> 
     </span>
     <span class='ocr_line' id='line_1_22' title="bbox 265 3074 1224 3173; baseline 0.004 -27"><span class='ocrx_word' id='word_1_138' title='bbox 265 3082 291 3118; x_wconf 91' lang='lat'><strong>“</strong></span> <span class='ocrx_word' id='word_1_139' title='bbox 307 3078 475 3148; x_wconf 88' lang='lat' dir='ltr'>honorem</span> <span class='ocrx_word' id='word_1_140' title='bbox 493 3074 788 3172; x_wconf 69' lang='lat' dir='ltr'>exspedandum:</span> <span class='ocrx_word' id='word_1_141' title='bbox 817 3074 1005 3170; x_wconf 72' lang='lat' dir='ltr'>suspeslum</span> <span class='ocrx_word' id='word_1_142' title='bbox 1022 3076 1153 3173; x_wconf 83' lang='lat' dir='ltr'>semper</span> <span class='ocrx_word' id='word_1_143' title='bbox 1169 3079 1224 3150; x_wconf 92' lang='lat' dir='ltr'>in-</span> 
     </span>
     <span class='ocr_line' id='line_1_23' title="bbox 263 3193 1224 3291; baseline 0.001 -23"><span class='ocrx_word' id='word_1_144' title='bbox 263 3193 488 3291; x_wconf 89' lang='lat' dir='ltr'>“visumque</span> <span class='ocrx_word' id='word_1_145' title='bbox 521 3194 792 3282; x_wconf 89' lang='lat' dir='ltr'>dominantibus,</span> <span class='ocrx_word' id='word_1_146' title='bbox 823 3194 883 3290; x_wconf 92' lang='lat' dir='ltr'>qui</span> <span class='ocrx_word' id='word_1_147' title='bbox 917 3196 1095 3290; x_wconf 88' lang='lat' dir='ltr'>proximus</span> <span class='ocrx_word' id='word_1_148' title='bbox 1124 3198 1224 3269; x_wconf 90' lang='lat' dir='ltr'>desti-</span> 
     </span>
     <span class='ocr_line' id='line_1_24' title="bbox 263 3311 1225 3407; baseline 0.002 -22"><span class='ocrx_word' id='word_1_149' title='bbox 263 3321 289 3357; x_wconf 91' lang='lat'><strong>“</strong></span> <span class='ocrx_word' id='word_1_150' title='bbox 306 3334 452 3385; x_wconf 79' lang='lat' dir='ltr'>nasetur.</span> <span class='ocrx_word' id='word_1_151' title='bbox 502 3311 668 3385; x_wconf 80' lang='lat' dir='ltr'>Nocuilse</span> <span class='ocrx_word' id='word_1_152' title='bbox 696 3312 733 3384; x_wconf 96' lang='lat' dir='ltr'>id</span> <span class='ocrx_word' id='word_1_153' title='bbox 762 3311 822 3384; x_wconf 87' lang='lat' dir='ltr'>fibi</span> <span class='ocrx_word' id='word_1_154' title='bbox 849 3313 944 3407; x_wconf 86' lang='lat' dir='ltr'>apud</span> <span class='ocrx_word' id='word_1_155' title='bbox 961 3312 1075 3385; x_wconf 94' lang='lat' dir='ltr'>senem</span> <span class='ocrx_word' id='word_1_156' title='bbox 1092 3314 1225 3388; x_wconf 85' lang='lat' dir='ltr'>Princi-</span> 
     </span>
    </p>
   </div>
   <div class='ocr_carea' id='block_1_3' title="bbox 261 3429 1344 3646">
    <p class='ocr_par' dir='ltr' id='par_1_4' title="bbox 261 3429 1344 3646">
     <span class='ocr_line' id='line_1_25' title="bbox 263 3429 1344 3536; baseline 0.004 -33"><span class='ocrx_word' id='word_1_157' title='bbox 263 3439 289 3475; x_wconf 91' lang='lat'><strong>“</strong></span> <span class='ocrx_word' id='word_1_158' title='bbox 306 3458 409 3528; x_wconf 87' lang='lat' dir='ltr'>pem:</span> <span class='ocrx_word' id='word_1_159' title='bbox 440 3431 553 3529; x_wconf 86' lang='lat' dir='ltr'>magis</span> <span class='ocrx_word' id='word_1_160' title='bbox 569 3431 763 3504; x_wconf 90' lang='lat' dir='ltr'>nociturum</span> <span class='ocrx_word' id='word_1_161' title='bbox 780 3432 872 3526; x_wconf 88' lang='lat' dir='ltr'>apud</span> <span class='ocrx_word' id='word_1_162' title='bbox 883 3429 1062 3525; x_wconf 88' lang='lat' dir='ltr'>juvenem,</span> <span class='ocrx_word' id='word_1_163' title='bbox 1084 3433 1225 3530; x_wconf 86' lang='lat' dir='ltr'>ingenio</span> <span class='ocrx_word' id='word_1_164' title='bbox 1285 3504 1304 3536; x_wconf 17' lang='lat' dir='ltr'>y,</span> <span class='ocrx_word' id='word_1_165' title='bbox 1342 3436 1344 3441; x_wconf 72' lang='grc'><strong>’</strong></span> 
     </span>
     <span class='ocr_line' id='line_1_26' title="bbox 261 3549 1338 3646; baseline 0.003 -24"><span class='ocrx_word' id='word_1_166' title='bbox 261 3557 287 3592; x_wconf 84' lang='grc'><strong>“</strong></span> <span class='ocrx_word' id='word_1_167' title='bbox 304 3571 452 3638; x_wconf 86' lang='lat' dir='ltr'>trucem,</span> <span class='ocrx_word' id='word_1_168' title='bbox 496 3555 529 3622; x_wconf 65' lang='grc' dir='ltr'>ἃ</span> <span class='ocrx_word' id='word_1_169' title='bbox 565 3551 672 3646; x_wconf 83' lang='lat' dir='ltr'>longo</span> <span class='ocrx_word' id='word_1_170' title='bbox 701 3549 817 3620; x_wconf 86' lang='lat' dir='ltr'>exfilio</span> <span class='ocrx_word' id='word_1_171' title='bbox 849 3550 1038 3620; x_wconf 86' lang='lat' dir='ltr'>efferatum.</span> <span class='ocrx_word' id='word_1_172' title='bbox 1099 3553 1224 3625; x_wconf 89' lang='lat' dir='ltr'>Occidi</span> <span class='ocrx_word' id='word_1_173' title='bbox 1335 3557 1338 3562; x_wconf 83' lang='grc'><strong>’</strong></span> 
     </span>
    </p>
   </div>
   <div class='ocr_carea' id='block_1_4' title="bbox 259 3659 1326 3881">
    <p class='ocr_par' dir='ltr' id='par_1_5' title="bbox 259 3659 1326 3881">
     <span class='ocr_line' id='line_1_27' title="bbox 259 3659 1326 3765; baseline 0.008 -27"><span class='ocrx_word' id='word_1_174' title='bbox 259 3671 478 3740; x_wconf 89' lang='lat' dir='ltr'>“Othonem</span> <span class='ocrx_word' id='word_1_175' title='bbox 496 3670 610 3765; x_wconf 84' lang='lat' dir='ltr'>posse:</span> <span class='ocrx_word' id='word_1_176' title='bbox 642 3667 787 3763; x_wconf 87' lang='lat' dir='ltr'>proinde</span> <span class='ocrx_word' id='word_1_177' title='bbox 804 3666 979 3763; x_wconf 84' lang='lat' dir='ltr'>agendum</span> <span class='ocrx_word' id='word_1_178' title='bbox 1008 3669 1223 3743; x_wconf 85' lang='lat' dir='ltr'>audendum·</span> <span class='ocrx_word' id='word_1_179' title='bbox 1281 3659 1326 3709; x_wconf 49' lang='lat'>&#39;³&#39;</span> 
     </span>
     <span class='ocr_line' id='line_1_28' title="bbox 260 3785 1222 3881; baseline 0.006 -27"><span class='ocrx_word' id='word_1_180' title='bbox 260 3792 288 3828; x_wconf 89' lang='lat'><strong>“</strong></span> <span class='ocrx_word' id='word_1_181' title='bbox 306 3811 387 3881; x_wconf 92' lang='lat' dir='ltr'>que,</span> <span class='ocrx_word' id='word_1_182' title='bbox 412 3788 498 3865; x_wconf 90' lang='lat' dir='ltr'>dum</span> <span class='ocrx_word' id='word_1_183' title='bbox 522 3788 645 3858; x_wconf 84' lang='lat' dir='ltr'>Galbae</span> <span class='ocrx_word' id='word_1_184' title='bbox 668 3785 848 3856; x_wconf 73' lang='lat' dir='ltr'>ausloritas</span> <span class='ocrx_word' id='word_1_185' title='bbox 865 3787 974 3874; x_wconf 84' lang='lat' dir='ltr'>fluxa,</span> <span class='ocrx_word' id='word_1_186' title='bbox 989 3785 1119 3859; x_wconf 91' lang='lat' dir='ltr'>Pisonis</span> <span class='ocrx_word' id='word_1_187' title='bbox 1135 3814 1222 3859; x_wconf 91' lang='lat' dir='ltr'>non·</span> 
     </span>
    </p>
   </div>
   <div class='ocr_carea' id='block_1_5' title="bbox 259 3902 1221 4117">
    <p class='ocr_par' dir='ltr' id='par_1_6' title="bbox 259 3902 1221 4117">
     <span class='ocr_line' id='line_1_29' title="bbox 259 3902 1221 4001; baseline 0 -22"><span class='ocrx_word' id='word_1_188' title='bbox 259 3910 285 3953; x_wconf 84' lang='lat'>“</span> <span class='ocrx_word' id='word_1_189' title='bbox 303 3906 390 3986; x_wconf 85' lang='lat' dir='ltr'>dum</span> <span class='ocrx_word' id='word_1_190' title='bbox 417 3904 600 3984; x_wconf 84' lang='lat' dir='ltr'>coaluisset.</span> <span class='ocrx_word' id='word_1_191' title='bbox 649 3906 873 4000; x_wconf 85' lang='lat' dir='ltr'>Opponunos</span> <span class='ocrx_word' id='word_1_192' title='bbox 889 3902 1024 4001; x_wconf 85' lang='lat' dir='ltr'>magnis</span> <span class='ocrx_word' id='word_1_193' title='bbox 1041 3907 1221 3989; x_wconf 78' lang='lat' dir='ltr'>conatibus</span> 
     </span>
     <span class='ocr_line' id='line_1_30' title="bbox 715 4020 795 4117; baseline 0 0"><span class='ocrx_word' id='word_1_194' title='bbox 715 4020 745 4092; x_wconf 79' lang='lat' dir='ltr'>C</span> <span class='ocrx_word' id='word_1_195' title='bbox 775 4045 795 4117; x_wconf 88' lang='lat'>3</span> 
     </span>
    </p>
   </div>
   <div class='ocr_carea' id='block_1_6' title="bbox 0 0 1504 5144">
    <p class='ocr_par' dir='ltr' id='par_1_7' title="bbox 0 0 1504 5144">
     <span class='ocr_line' id='line_1_31' title="bbox 0 0 1504 5144; baseline 0 1"><span class='ocrx_word' id='word_1_196' title='bbox 0 0 1504 5144; x_wconf 95' lang='lat' dir='ltr'> </span> 
     </span>
    </p>
   </div>
  </div>
 </body>
</html>
