<?xml version="1.0" encoding="UTF-8"?>
<!DOCTYPE html PUBLIC "-//W3C//DTD XHTML 1.0 Transitional//EN"
    "http://www.w3.org/TR/xhtml1/DTD/xhtml1-transitional.dtd">
<html xmlns="http://www.w3.org/1999/xhtml" xml:lang="en" lang="en">
 <head>
  <title>
</title>
<meta http-equiv="Content-Type" content="text/html;charset=utf-8" />
  <meta name='ocr-system' content='tesseract 3.04.00' />
  <meta name='ocr-capabilities' content='ocr_page ocr_carea ocr_par ocr_line ocrx_word'/>
</head>
<body>
  <div class='ocr_page' id='page_1' title='image "./ccorneliitaciti02ernegoog_0061.png"; bbox 0 0 3000 5144; ppageno 0'>
   <div class='ocr_carea' id='block_1_1' title="bbox 348 570 1131 665">
    <p class='ocr_par' dir='ltr' id='par_1_1' title="bbox 348 570 1131 665">
     <span class='ocr_line' id='line_1_1' title="bbox 348 570 1131 665; baseline 0.003 -24"><span class='ocrx_word' id='word_1_1' title='bbox 348 593 392 665; x_wconf 79' lang='lat'>52</span> <span class='ocrx_word' id='word_1_2' title='bbox 571 570 1131 645; x_wconf 75' lang='lat' dir='ltr'>C.Connnt11TAc1rr</span> 
     </span>
    </p>
   </div>
   <div class='ocr_carea' id='block_1_2' title="bbox 340 739 1314 4035">
    <p class='ocr_par' dir='ltr' id='par_1_2' title="bbox 341 739 1314 3085">
     <span class='ocr_line' id='line_1_2' title="bbox 349 739 1310 839; baseline 0.001 -28"><span class='ocrx_word' id='word_1_3' title='bbox 349 747 376 781; x_wconf 89' lang='lat'><strong>“</strong></span> <span class='ocrx_word' id='word_1_4' title='bbox 395 739 515 812; x_wconf 86' lang='lat' dir='ltr'>Galliae</span> <span class='ocrx_word' id='word_1_5' title='bbox 542 743 727 838; x_wconf 86' lang='lat' dir='ltr'>trepident,</span> <span class='ocrx_word' id='word_1_6' title='bbox 761 745 846 815; x_wconf 93' lang='lat' dir='ltr'>dum</span> <span class='ocrx_word' id='word_1_7' title='bbox 879 741 1056 839; x_wconf 87' lang='lat' dir='ltr'>Hispaniae</span> <span class='ocrx_word' id='word_1_8' title='bbox 1084 742 1310 815; x_wconf 74' lang='lat' dir='ltr'>condentur:</span> 
     </span>
     <span class='ocr_line' id='line_1_3' title="bbox 348 860 1313 958; baseline 0.002 -28"><span class='ocrx_word' id='word_1_9' title='bbox 348 866 465 931; x_wconf 89' lang='lat' dir='ltr'>“non</span> <span class='ocrx_word' id='word_1_10' title='bbox 482 860 612 932; x_wconf 87' lang='lat' dir='ltr'>obstare</span> <span class='ocrx_word' id='word_1_11' title='bbox 636 862 800 949; x_wconf 84' lang='lat' dir='ltr'>hiemem,</span> <span class='ocrx_word' id='word_1_12' title='bbox 826 887 938 958; x_wconf 90' lang='lat' dir='ltr'>neque</span> <span class='ocrx_word' id='word_1_13' title='bbox 956 863 1092 958; x_wconf 84' lang='lat' dir='ltr'>ignavae</span> <span class='ocrx_word' id='word_1_14' title='bbox 1119 860 1212 956; x_wconf 88' lang='lat' dir='ltr'>pacis</span> <span class='ocrx_word' id='word_1_15' title='bbox 1236 884 1313 932; x_wconf 91' lang='lat' dir='ltr'>mo·</span> 
     </span>
     <span class='ocr_line' id='line_1_4' title="bbox 347 978 1311 1075; baseline 0 -27"><span class='ocrx_word' id='word_1_16' title='bbox 347 984 374 1019; x_wconf 90' lang='lat'><strong>“</strong></span> <span class='ocrx_word' id='word_1_17' title='bbox 392 1004 461 1049; x_wconf 90' lang='lat' dir='ltr'>ras:</span> <span class='ocrx_word' id='word_1_18' title='bbox 483 979 713 1052; x_wconf 84' lang='lat' dir='ltr'>invadendam</span> <span class='ocrx_word' id='word_1_19' title='bbox 730 978 879 1068; x_wconf 88' lang='lat' dir='ltr'>ltaliam,</span> <span class='ocrx_word' id='word_1_20' title='bbox 900 981 1138 1075; x_wconf 84' lang='lat' dir='ltr'>occupandam</span> <span class='ocrx_word' id='word_1_21' title='bbox 1155 980 1311 1050; x_wconf 88' lang='lat' dir='ltr'>Urbem:</span> 
     </span>
     <span class='ocr_line' id='line_1_5' title="bbox 347 1095 1312 1182; baseline 0 -15"><span class='ocrx_word' id='word_1_22' title='bbox 347 1102 376 1138; x_wconf 90' lang='lat'><strong>“</strong></span> <span class='ocrx_word' id='word_1_23' title='bbox 395 1096 481 1167; x_wconf 93' lang='lat' dir='ltr'>nihil</span> <span class='ocrx_word' id='word_1_24' title='bbox 505 1095 540 1167; x_wconf 93' lang='lat' dir='ltr'>in</span> <span class='ocrx_word' id='word_1_25' title='bbox 569 1095 745 1168; x_wconf 85' lang='lat' dir='ltr'>discordiis</span> <span class='ocrx_word' id='word_1_26' title='bbox 773 1096 929 1170; x_wconf 89' lang='lat' dir='ltr'>civilibus</span> <span class='ocrx_word' id='word_1_27' title='bbox 957 1095 1168 1170; x_wconf 87' lang='lat' dir='ltr'>festinatione</span> <span class='ocrx_word' id='word_1_28' title='bbox 1191 1095 1312 1182; x_wconf 91' lang='lat' dir='ltr'>tutius,</span> 
     </span>
     <span class='ocr_line' id='line_1_6' title="bbox 347 1213 1313 1312; baseline -0.001 -27"><span class='ocrx_word' id='word_1_29' title='bbox 347 1219 374 1256; x_wconf 91' lang='lat'><strong>“</strong></span> <span class='ocrx_word' id='word_1_30' title='bbox 392 1215 451 1286; x_wconf 91' lang='lat' dir='ltr'>ubi</span> <span class='ocrx_word' id='word_1_31' title='bbox 486 1213 575 1286; x_wconf 68' lang='lat' dir='ltr'>facto</span> <span class='ocrx_word' id='word_1_32' title='bbox 597 1214 720 1311; x_wconf 86' lang='lat' dir='ltr'>magis,</span> <span class='ocrx_word' id='word_1_33' title='bbox 747 1214 854 1309; x_wconf 73' lang='lat' dir='ltr'>quam</span> <span class='ocrx_word' id='word_1_34' title='bbox 881 1214 1050 1304; x_wconf 88' lang='lat' dir='ltr'>consulto,</span> <span class='ocrx_word' id='word_1_35' title='bbox 1084 1241 1172 1312; x_wconf 90' lang='lat' dir='ltr'>opus</span> <span class='ocrx_word' id='word_1_36' title='bbox 1195 1213 1313 1286; x_wconf 85' lang='lat' dir='ltr'>effet.’&#39;</span> 
     </span>
     <span class='ocr_line' id='line_1_7' title="bbox 344 1330 1313 1430; baseline 0.002 -28"><span class='ocrx_word' id='word_1_37' title='bbox 344 1333 524 1428; x_wconf 88' lang='lat' dir='ltr'>Torpebat</span> <span class='ocrx_word' id='word_1_38' title='bbox 540 1333 711 1420; x_wconf 85' lang='lat' dir='ltr'>Vitellius,</span> <span class='ocrx_word' id='word_1_39' title='bbox 737 1337 769 1404; x_wconf 75' lang='grc' dir='ltr'>δι</span> <span class='ocrx_word' id='word_1_40' title='bbox 793 1330 966 1405; x_wconf 83' lang='lat' dir='ltr'>fortunam</span> <span class='ocrx_word' id='word_1_41' title='bbox 991 1333 1198 1430; x_wconf 80' lang='lat' dir='ltr'>principatbs</span> <span class='ocrx_word' id='word_1_42' title='bbox 1216 1331 1313 1404; x_wconf 88' lang='lat' dir='ltr'>inerti</span> 
     </span>
     <span class='ocr_line' id='line_1_8' title="bbox 345 1449 1312 1546; baseline 0.002 -26"><span class='ocrx_word' id='word_1_43' title='bbox 345 1450 430 1521; x_wconf 86' lang='lat' dir='ltr'>luxu</span> <span class='ocrx_word' id='word_1_44' title='bbox 455 1475 495 1521; x_wconf 90' lang='lat' dir='ltr'>ac</span> <span class='ocrx_word' id='word_1_45' title='bbox 524 1450 678 1546; x_wconf 88' lang='lat' dir='ltr'>prodigis</span> <span class='ocrx_word' id='word_1_46' title='bbox 706 1451 817 1545; x_wconf 89' lang='lat' dir='ltr'>epulis</span> <span class='ocrx_word' id='word_1_47' title='bbox 839 1449 1076 1546; x_wconf 76' lang='lat' dir='ltr'>praesumebat,</span> <span class='ocrx_word' id='word_1_48' title='bbox 1104 1452 1220 1524; x_wconf 91' lang='lat' dir='ltr'>medio</span> <span class='ocrx_word' id='word_1_49' title='bbox 1244 1449 1312 1523; x_wconf 92' lang='lat' dir='ltr'>diei</span> 
     </span>
     <span class='ocr_line' id='line_1_9' title="bbox 345 1566 1313 1664; baseline 0.002 -25"><span class='ocrx_word' id='word_1_50' title='bbox 345 1571 565 1656; x_wconf 88' lang='lat' dir='ltr'>temulentus,</span> <span class='ocrx_word' id='word_1_51' title='bbox 585 1573 617 1639; x_wconf 91' lang='lat'>&amp;</span> <span class='ocrx_word' id='word_1_52' title='bbox 632 1566 746 1663; x_wconf 69' lang='lat' dir='ltr'>sagina</span> <span class='ocrx_word' id='word_1_53' title='bbox 767 1568 903 1664; x_wconf 87' lang='lat' dir='ltr'>gravis:</span> <span class='ocrx_word' id='word_1_54' title='bbox 929 1571 1010 1642; x_wconf 73' lang='lat' dir='ltr'>clun</span> <span class='ocrx_word' id='word_1_55' title='bbox 1029 1591 1144 1643; x_wconf 87' lang='lat' dir='ltr'>tamen</span> <span class='ocrx_word' id='word_1_56' title='bbox 1161 1571 1261 1641; x_wconf 86' lang='lat' dir='ltr'>ardor</span> <span class='ocrx_word' id='word_1_57' title='bbox 1279 1573 1313 1641; x_wconf 74' lang='grc' dir='ltr'>δι</span> 
     </span>
     <span class='ocr_line' id='line_1_10' title="bbox 344 1686 1314 1784; baseline 0.003 -28"><span class='ocrx_word' id='word_1_58' title='bbox 344 1686 396 1756; x_wconf 86' lang='lat' dir='ltr'>vis</span> <span class='ocrx_word' id='word_1_59' title='bbox 414 1686 562 1757; x_wconf 91' lang='lat' dir='ltr'>militum</span> <span class='ocrx_word' id='word_1_60' title='bbox 576 1687 666 1757; x_wconf 89' lang='lat' dir='ltr'>ultro</span> <span class='ocrx_word' id='word_1_61' title='bbox 682 1686 778 1759; x_wconf 89' lang='lat' dir='ltr'>ducis</span> <span class='ocrx_word' id='word_1_62' title='bbox 795 1687 912 1775; x_wconf 88' lang='lat' dir='ltr'>munia</span> <span class='ocrx_word' id='word_1_63' title='bbox 929 1687 1108 1784; x_wconf 89' lang='lat' dir='ltr'>implebat,</span> <span class='ocrx_word' id='word_1_64' title='bbox 1126 1707 1164 1760; x_wconf 91' lang='lat' dir='ltr'>ut</span> <span class='ocrx_word' id='word_1_65' title='bbox 1181 1692 1203 1760; x_wconf 86' lang='lat' dir='ltr'>fi</span> <span class='ocrx_word' id='word_1_66' title='bbox 1219 1687 1314 1760; x_wconf 90' lang='lat' dir='ltr'>ades·</span> 
     </span>
     <span class='ocr_line' id='line_1_11' title="bbox 343 1801 1312 1903; baseline 0.003 -28"><span class='ocrx_word' id='word_1_67' title='bbox 343 1801 392 1876; x_wconf 86' lang='lat' dir='ltr'>set</span> <span class='ocrx_word' id='word_1_68' title='bbox 409 1806 609 1901; x_wconf 85' lang='lat' dir='ltr'>Imperator,</span> <span class='ocrx_word' id='word_1_69' title='bbox 638 1808 670 1875; x_wconf 75' lang='grc' dir='ltr'>δι</span> <span class='ocrx_word' id='word_1_70' title='bbox 690 1805 845 1893; x_wconf 88' lang='lat' dir='ltr'>strenuis,</span> <span class='ocrx_word' id='word_1_71' title='bbox 869 1807 924 1877; x_wconf 90' lang='lat' dir='ltr'>vel</span> <span class='ocrx_word' id='word_1_72' title='bbox 946 1806 1094 1903; x_wconf 84' lang='lat' dir='ltr'>ignavis,</span> <span class='ocrx_word' id='word_1_73' title='bbox 1122 1806 1216 1903; x_wconf 91' lang='lat' dir='ltr'>spem</span> <span class='ocrx_word' id='word_1_74' title='bbox 1239 1832 1312 1877; x_wconf 91' lang='lat' dir='ltr'>me·</span> 
     </span>
     <span class='ocr_line' id='line_1_12' title="bbox 344 1922 1313 2022; baseline 0.001 -27"><span class='ocrx_word' id='word_1_75' title='bbox 344 1943 489 2019; x_wconf 86' lang='lat' dir='ltr'>tumque</span> <span class='ocrx_word' id='word_1_76' title='bbox 512 1923 662 1995; x_wconf 86' lang='lat' dir='ltr'>adderet.</span> <span class='ocrx_word' id='word_1_77' title='bbox 723 1922 881 1995; x_wconf 74' lang='lat' dir='ltr'>Instrudi</span> <span class='ocrx_word' id='word_1_78' title='bbox 912 1924 1100 2022; x_wconf 88' lang='lat' dir='ltr'>intentique</span> <span class='ocrx_word' id='word_1_79' title='bbox 1129 1931 1157 1966; x_wconf 89' lang='lat'><strong>“</strong></span> <span class='ocrx_word' id='word_1_80' title='bbox 1176 1927 1313 2021; x_wconf 80' lang='lat' dir='ltr'>signum</span> 
     </span>
     <span class='ocr_line' id='line_1_13' title="bbox 346 2040 1314 2138; baseline 0.001 -26"><span class='ocrx_word' id='word_1_81' title='bbox 346 2050 374 2085; x_wconf 91' lang='lat'><strong>“</strong></span> <span class='ocrx_word' id='word_1_82' title='bbox 390 2040 628 2138; x_wconf 72' lang='lat' dir='ltr'>profedionis”</span> <span class='ocrx_word' id='word_1_83' title='bbox 645 2041 844 2137; x_wconf 88' lang='lat' dir='ltr'>exposcunt.</span> <span class='ocrx_word' id='word_1_84' title='bbox 900 2046 1041 2116; x_wconf 91' lang='lat' dir='ltr'>Nomen</span> <span class='ocrx_word' id='word_1_85' title='bbox 1059 2043 1238 2113; x_wconf 85' lang='lat' dir='ltr'>Germanici</span> <span class='ocrx_word' id='word_1_86' title='bbox 1251 2041 1314 2113; x_wconf 93' lang='lat' dir='ltr'>Vi·</span> 
     </span>
     <span class='ocr_line' id='line_1_14' title="bbox 344 2159 1313 2256; baseline 0.001 -26"><span class='ocrx_word' id='word_1_87' title='bbox 344 2160 439 2230; x_wconf 92' lang='lat' dir='ltr'>tellio</span> <span class='ocrx_word' id='word_1_88' title='bbox 455 2160 565 2231; x_wconf 87' lang='lat' dir='ltr'>statim</span> <span class='ocrx_word' id='word_1_89' title='bbox 584 2161 761 2231; x_wconf 90' lang='lat' dir='ltr'>additum:</span> <span class='ocrx_word' id='word_1_90' title='bbox 792 2161 941 2254; x_wconf 81' lang='lat' dir='ltr'>Caesarem</span> <span class='ocrx_word' id='word_1_91' title='bbox 959 2159 991 2233; x_wconf 90' lang='lat' dir='ltr'>se</span> <span class='ocrx_word' id='word_1_92' title='bbox 1006 2160 1185 2256; x_wconf 87' lang='lat' dir='ltr'>appellari,</span> <span class='ocrx_word' id='word_1_93' title='bbox 1208 2159 1313 2233; x_wconf 86' lang='lat' dir='ltr'>etiam</span> 
     </span>
     <span class='ocr_line' id='line_1_15' title="bbox 344 2277 1310 2376; baseline 0 -26"><span class='ocrx_word' id='word_1_94' title='bbox 344 2277 453 2350; x_wconf 68' lang='lat' dir='ltr'>ridor</span> <span class='ocrx_word' id='word_1_95' title='bbox 482 2277 668 2373; x_wconf 89' lang='lat' dir='ltr'>prohibuit.</span> <span class='ocrx_word' id='word_1_96' title='bbox 732 2280 871 2351; x_wconf 89' lang='lat' dir='ltr'>Laetum</span> <span class='ocrx_word' id='word_1_97' title='bbox 898 2279 1083 2376; x_wconf 85' lang='lat' dir='ltr'>augurium</span> <span class='ocrx_word' id='word_1_98' title='bbox 1106 2278 1216 2351; x_wconf 89' lang='lat' dir='ltr'>Fabio</span> <span class='ocrx_word' id='word_1_99' title='bbox 1240 2281 1310 2350; x_wconf 89' lang='lat' dir='ltr'>Va·</span> 
     </span>
     <span class='ocr_line' id='line_1_16' title="bbox 344 2396 1314 2494; baseline 0.001 -26"><span class='ocrx_word' id='word_1_100' title='bbox 344 2396 439 2484; x_wconf 90' lang='lat' dir='ltr'>lenti,</span> <span class='ocrx_word' id='word_1_101' title='bbox 465 2396 712 2492; x_wconf 84' lang='lat' dir='ltr'>exercituique,</span> <span class='ocrx_word' id='word_1_102' title='bbox 738 2423 842 2492; x_wconf 90' lang='lat' dir='ltr'>quem</span> <span class='ocrx_word' id='word_1_103' title='bbox 864 2397 898 2468; x_wconf 92' lang='lat' dir='ltr'>in</span> <span class='ocrx_word' id='word_1_104' title='bbox 921 2398 1051 2470; x_wconf 88' lang='lat' dir='ltr'>bellurn</span> <span class='ocrx_word' id='word_1_105' title='bbox 1077 2399 1212 2494; x_wconf 87' lang='lat' dir='ltr'>agebat,</span> <span class='ocrx_word' id='word_1_106' title='bbox 1240 2396 1314 2492; x_wconf 88' lang='lat' dir='ltr'>ipso</span> 
     </span>
     <span class='ocr_line' id='line_1_17' title="bbox 345 2514 1311 2612; baseline 0 -25"><span class='ocrx_word' id='word_1_107' title='bbox 345 2514 565 2612; x_wconf 73' lang='lat' dir='ltr'>profedionis</span> <span class='ocrx_word' id='word_1_108' title='bbox 582 2515 652 2604; x_wconf 88' lang='lat' dir='ltr'>die,</span> <span class='ocrx_word' id='word_1_109' title='bbox 679 2515 794 2611; x_wconf 86' lang='lat' dir='ltr'>aquila</span> <span class='ocrx_word' id='word_1_110' title='bbox 812 2515 879 2587; x_wconf 91' lang='lat' dir='ltr'>leni</span> <span class='ocrx_word' id='word_1_111' title='bbox 901 2537 1030 2604; x_wconf 84' lang='lat' dir='ltr'>meatu,</span> <span class='ocrx_word' id='word_1_112' title='bbox 1061 2537 1162 2612; x_wconf 91' lang='lat' dir='ltr'>prout</span> <span class='ocrx_word' id='word_1_113' title='bbox 1183 2541 1311 2612; x_wconf 85' lang='lat' dir='ltr'>agmen</span> 
     </span>
     <span class='ocr_line' id='line_1_18' title="bbox 343 2633 1312 2730; baseline -0.001 -24"><span class='ocrx_word' id='word_1_114' title='bbox 343 2634 528 2721; x_wconf 89' lang='lat' dir='ltr'>incederet,</span> <span class='ocrx_word' id='word_1_115' title='bbox 547 2635 641 2705; x_wconf 85' lang='lat' dir='ltr'>velut</span> <span class='ocrx_word' id='word_1_116' title='bbox 657 2635 731 2705; x_wconf 86' lang='lat' dir='ltr'>dux</span> <span class='ocrx_word' id='word_1_117' title='bbox 748 2633 826 2721; x_wconf 87' lang='lat' dir='ltr'>viae,</span> <span class='ocrx_word' id='word_1_118' title='bbox 853 2633 1074 2729; x_wconf 87' lang='lat' dir='ltr'>praevolavit:</span> <span class='ocrx_word' id='word_1_119' title='bbox 1095 2635 1312 2730; x_wconf 89' lang='lat' dir='ltr'>longumque</span> 
     </span>
     <span class='ocr_line' id='line_1_19' title="bbox 344 2751 1312 2849; baseline 0.001 -24"><span class='ocrx_word' id='word_1_120' title='bbox 344 2779 406 2849; x_wconf 90' lang='lat' dir='ltr'>per</span> <span class='ocrx_word' id='word_1_121' title='bbox 431 2751 591 2848; x_wconf 87' lang='lat' dir='ltr'>spatium,</span> <span class='ocrx_word' id='word_1_122' title='bbox 617 2752 645 2823; x_wconf 87' lang='lat' dir='ltr'>is</span> <span class='ocrx_word' id='word_1_123' title='bbox 673 2753 897 2848; x_wconf 88' lang='lat' dir='ltr'>gaudentium</span> <span class='ocrx_word' id='word_1_124' title='bbox 922 2752 1071 2825; x_wconf 89' lang='lat' dir='ltr'>militum</span> <span class='ocrx_word' id='word_1_125' title='bbox 1100 2754 1243 2843; x_wconf 89' lang='lat' dir='ltr'>clamor,</span> <span class='ocrx_word' id='word_1_126' title='bbox 1271 2778 1312 2826; x_wconf 92' lang='lat' dir='ltr'>ea</span> 
     </span>
     <span class='ocr_line' id='line_1_20' title="bbox 341 2869 1310 2970; baseline 0 -26"><span class='ocrx_word' id='word_1_127' title='bbox 341 2872 437 2969; x_wconf 93' lang='lat' dir='ltr'>quies</span> <span class='ocrx_word' id='word_1_128' title='bbox 459 2870 616 2942; x_wconf 81' lang='lat' dir='ltr'>interritae</span> <span class='ocrx_word' id='word_1_129' title='bbox 632 2870 719 2942; x_wconf 91' lang='lat' dir='ltr'>alitis</span> <span class='ocrx_word' id='word_1_130' title='bbox 743 2870 819 2958; x_wconf 90' lang='lat' dir='ltr'>fuit,</span> <span class='ocrx_word' id='word_1_131' title='bbox 842 2891 879 2943; x_wconf 94' lang='lat' dir='ltr'>ut</span> <span class='ocrx_word' id='word_1_132' title='bbox 896 2871 989 2943; x_wconf 90' lang='lat' dir='ltr'>haud</span> <span class='ocrx_word' id='word_1_133' title='bbox 1005 2869 1153 2943; x_wconf 90' lang='lat' dir='ltr'>dubium</span> <span class='ocrx_word' id='word_1_134' title='bbox 1174 2896 1310 2970; x_wconf 69' lang='lat' dir='ltr'>magnae</span> 
     </span>
     <span class='ocr_line' id='line_1_21' title="bbox 345 2988 979 3085; baseline 0 -23"><span class='ocrx_word' id='word_1_135' title='bbox 345 2995 377 3062; x_wconf 86' lang='lat'>&amp;</span> <span class='ocrx_word' id='word_1_136' title='bbox 397 2988 563 3085; x_wconf 74' lang='lat' dir='ltr'>prospera</span> <span class='ocrx_word' id='word_1_137' title='bbox 582 2990 627 3061; x_wconf 89' lang='lat' dir='ltr'>rei</span> <span class='ocrx_word' id='word_1_138' title='bbox 641 3015 744 3061; x_wconf 91' lang='lat' dir='ltr'>omen</span> <span class='ocrx_word' id='word_1_139' title='bbox 760 2988 979 3084; x_wconf 87' lang='lat' dir='ltr'>acciperetur.</span> 
     </span>
    </p>

    <p class='ocr_par' dir='ltr' id='par_1_3' title="bbox 340 3105 1313 4035">
     <span class='ocr_line' id='line_1_22' title="bbox 389 3105 1309 3203; baseline -0.001 -22"><span class='ocrx_word' id='word_1_140' title='bbox 389 3112 524 3181; x_wconf 89' lang='lat' dir='ltr'>LXIII.</span> <span class='ocrx_word' id='word_1_141' title='bbox 552 3111 606 3180; x_wconf 87' lang='lat' dir='ltr'>Er</span> <span class='ocrx_word' id='word_1_142' title='bbox 624 3111 794 3180; x_wconf 86' lang='lat' dir='ltr'>Treveros</span> <span class='ocrx_word' id='word_1_143' title='bbox 811 3108 968 3203; x_wconf 91' lang='lat' dir='ltr'>quidem,</span> <span class='ocrx_word' id='word_1_144' title='bbox 999 3126 1036 3178; x_wconf 92' lang='lat' dir='ltr'>ut</span> <span class='ocrx_word' id='word_1_145' title='bbox 1053 3105 1174 3197; x_wconf 90' lang='lat' dir='ltr'>socios,</span> <span class='ocrx_word' id='word_1_146' title='bbox 1203 3106 1309 3181; x_wconf 91' lang='lat' dir='ltr'>securi</span> 
     </span>
     <span class='ocr_line' id='line_1_23' title="bbox 341 3225 1310 3321; baseline -0.001 -21"><span class='ocrx_word' id='word_1_147' title='bbox 341 3229 466 3300; x_wconf 69' lang='lat' dir='ltr'>adiere.</span> <span class='ocrx_word' id='word_1_148' title='bbox 515 3226 687 3299; x_wconf 86' lang='lat' dir='ltr'>Divoduri</span> <span class='ocrx_word' id='word_1_149' title='bbox 702 3226 1067 3320; x_wconf 85' lang='lat' dir='ltr'>(Mediomatricorum</span> <span class='ocrx_word' id='word_1_150' title='bbox 1084 3225 1121 3297; x_wconf 86' lang='lat' dir='ltr'>id</span> <span class='ocrx_word' id='word_1_151' title='bbox 1137 3225 1310 3321; x_wconf 88' lang='lat' dir='ltr'>oppidum</span> 
     </span>
     <span class='ocr_line' id='line_1_24' title="bbox 342 3344 1311 3443; baseline 0.001 -25"><span class='ocrx_word' id='word_1_152' title='bbox 342 3348 409 3439; x_wconf 90' lang='lat' dir='ltr'>est)</span> <span class='ocrx_word' id='word_1_153' title='bbox 444 3371 657 3443; x_wconf 90' lang='lat' dir='ltr'>quamquam</span> <span class='ocrx_word' id='word_1_154' title='bbox 681 3345 777 3416; x_wconf 90' lang='lat' dir='ltr'>omni</span> <span class='ocrx_word' id='word_1_155' title='bbox 803 3345 964 3417; x_wconf 91' lang='lat' dir='ltr'>comitate</span> <span class='ocrx_word' id='word_1_156' title='bbox 982 3363 1158 3439; x_wconf 89' lang='lat' dir='ltr'>exceptos,</span> <span class='ocrx_word' id='word_1_157' title='bbox 1183 3344 1311 3419; x_wconf 89' lang='lat' dir='ltr'>subitus</span> 
     </span>
     <span class='ocr_line' id='line_1_25' title="bbox 342 3462 1310 3560; baseline 0.001 -24"><span class='ocrx_word' id='word_1_158' title='bbox 342 3491 447 3560; x_wconf 89' lang='lat' dir='ltr'>pavor</span> <span class='ocrx_word' id='word_1_159' title='bbox 471 3464 644 3552; x_wconf 86' lang='lat' dir='ltr'>exterruit,</span> <span class='ocrx_word' id='word_1_160' title='bbox 674 3462 777 3559; x_wconf 86' lang='lat' dir='ltr'>raptis</span> <span class='ocrx_word' id='word_1_161' title='bbox 798 3463 938 3559; x_wconf 73' lang='lat' dir='ltr'>repente</span> <span class='ocrx_word' id='word_1_162' title='bbox 962 3463 1075 3550; x_wconf 89' lang='lat' dir='ltr'>armis,</span> <span class='ocrx_word' id='word_1_163' title='bbox 1105 3464 1148 3534; x_wconf 89' lang='lat' dir='ltr'>ad</span> <span class='ocrx_word' id='word_1_164' title='bbox 1178 3467 1310 3537; x_wconf 86' lang='lat' dir='ltr'>caedem</span> 
     </span>
     <span class='ocr_line' id='line_1_26' title="bbox 342 3579 1310 3676; baseline 0.001 -23"><span class='ocrx_word' id='word_1_165' title='bbox 342 3582 491 3655; x_wconf 87' lang='lat' dir='ltr'>innoxiae</span> <span class='ocrx_word' id='word_1_166' title='bbox 516 3582 681 3668; x_wconf 83' lang='lat' dir='ltr'>civitatis3</span> <span class='ocrx_word' id='word_1_167' title='bbox 713 3609 782 3654; x_wconf 92' lang='lat' dir='ltr'>non</span> <span class='ocrx_word' id='word_1_168' title='bbox 800 3585 847 3655; x_wconf 93' lang='lat' dir='ltr'>ob</span> <span class='ocrx_word' id='word_1_169' title='bbox 872 3583 1039 3676; x_wconf 83' lang='lat' dir='ltr'>praedam,</span> <span class='ocrx_word' id='word_1_170' title='bbox 1069 3601 1126 3652; x_wconf 93' lang='lat' dir='ltr'>aut</span> <span class='ocrx_word' id='word_1_171' title='bbox 1144 3579 1310 3676; x_wconf 85' lang='lat' dir='ltr'>spoliandi</span> 
     </span>
     <span class='ocr_line' id='line_1_27' title="bbox 343 3698 1309 3794; baseline 0.003 -25"><span class='ocrx_word' id='word_1_172' title='bbox 343 3699 518 3794; x_wconf 88' lang='lat' dir='ltr'>cupidine,</span> <span class='ocrx_word' id='word_1_173' title='bbox 548 3699 604 3771; x_wconf 85' lang='lat' dir='ltr'>scd</span> <span class='ocrx_word' id='word_1_174' title='bbox 631 3700 744 3773; x_wconf 84' lang='lat' dir='ltr'>furore</span> <span class='ocrx_word' id='word_1_175' title='bbox 772 3705 805 3773; x_wconf 76' lang='grc' dir='ltr'>ὅτ</span> <span class='ocrx_word' id='word_1_176' title='bbox 831 3701 938 3789; x_wconf 91' lang='lat' dir='ltr'>rabie,</span> <span class='ocrx_word' id='word_1_177' title='bbox 970 3701 1131 3771; x_wconf 80' lang='lat' dir='ltr'>&amp;caufis</span> <span class='ocrx_word' id='word_1_178' title='bbox 1157 3698 1309 3789; x_wconf 90' lang='lat' dir='ltr'>incertis,</span> 
     </span>
     <span class='ocr_line' id='line_1_28' title="bbox 341 3817 1307 3913; baseline 0.001 -25"><span class='ocrx_word' id='word_1_179' title='bbox 341 3817 453 3912; x_wconf 81' lang='lat' dir='ltr'>eoque</span> <span class='ocrx_word' id='word_1_180' title='bbox 469 3818 714 3889; x_wconf 87' lang='lat' dir='ltr'>difficilioribus</span> <span class='ocrx_word' id='word_1_181' title='bbox 731 3818 890 3891; x_wconf 86' lang='lat' dir='ltr'>remediis</span> <span class='ocrx_word' id='word_1_182' title='bbox 904 3847 914 3902; x_wconf 84' lang='lat'>3</span> <span class='ocrx_word' id='word_1_183' title='bbox 940 3820 1051 3890; x_wconf 90' lang='lat' dir='ltr'>donec</span> <span class='ocrx_word' id='word_1_184' title='bbox 1069 3817 1224 3913; x_wconf 87' lang='lat' dir='ltr'>precibus</span> <span class='ocrx_word' id='word_1_185' title='bbox 1241 3819 1307 3890; x_wconf 91' lang='lat' dir='ltr'>du·</span> 
     </span>
     <span class='ocr_line' id='line_1_29' title="bbox 340 3933 1313 4035; baseline 0.002 -27"><span class='ocrx_word' id='word_1_186' title='bbox 340 3933 389 4008; x_wconf 90' lang='lat' dir='ltr'>cis</span> <span class='ocrx_word' id='word_1_187' title='bbox 407 3934 567 4033; x_wconf 89' lang='lat' dir='ltr'>mitigati,</span> <span class='ocrx_word' id='word_1_188' title='bbox 587 3938 631 4010; x_wconf 89' lang='lat' dir='ltr'>ab</span> <span class='ocrx_word' id='word_1_189' title='bbox 641 3935 778 4011; x_wconf 84' lang='lat' dir='ltr'>excidio</span> <span class='ocrx_word' id='word_1_190' title='bbox 789 3936 935 4011; x_wconf 90' lang='lat' dir='ltr'>civitatis</span> <span class='ocrx_word' id='word_1_191' title='bbox 949 3937 1180 4035; x_wconf 67' lang='lat' dir='ltr'>temperavere</span> <span class='ocrx_word' id='word_1_192' title='bbox 1186 3964 1198 4024; x_wconf 68' lang='grc' dir='ltr'><strong><em>ς</em></strong></span> <span class='ocrx_word' id='word_1_193' title='bbox 1225 3935 1313 4010; x_wconf 81' lang='lat' dir='ltr'>caesa</span> 
     </span>
    </p>
   </div>
   <div class='ocr_carea' id='block_1_3' title="bbox 0 0 1504 5144">
    <p class='ocr_par' dir='ltr' id='par_1_4' title="bbox 0 0 1504 5144">
     <span class='ocr_line' id='line_1_30' title="bbox 0 0 1504 5144; baseline 0 1"><span class='ocrx_word' id='word_1_194' title='bbox 0 0 1504 5144; x_wconf 95' lang='lat' dir='ltr'> </span> 
     </span>
    </p>
   </div>
  </div>
 </body>
</html>
