3000 5144
338 520 342 525 ¹
393 600 397 607 .
446 544 847 618 Hrsronrnnunr
877 548 1079 620 Linlll.
1181 568 1245 641 177

276 715 631 813 adceleraturumque,
677 717 816 813 cognitfi
848 718 996 791 Caecinae
1036 717 1244 816 proditione,

275 831 509 928 conjeslabat:
535 840 568 906 &
586 837 677 907 fidus
696 835 834 908 Vitellio
858 836 1002 925 Fabius,
1027 862 1091 909 nec
1115 837 1246 908 militiae

274 949 423 1048 ignarus.
487 951 596 1024 Simul
629 953 750 1050 ingens
783 957 1039 1026 Germanorum
1072 953 1137 1042 vis,
1183 979 1244 1048 pet

274 1069 426 1143 Raetiam
451 1070 652 1143 timebatur:
681 1077 715 1143 Sc
744 1097 788 1144 ex
810 1072 982 1144 Britanni&
1004 1071 1184 1166 Galliasque
1210 1074 1260 1142 &-

273 1186 443 1284 Hispania
467 1189 595 1262 auxilia
627 1190 785 1262 Vitellius
803 1191 1001 1279 acciverat,
1041 1186 1243 1260 immensam

275 1307 358 1379 belli
374 1308 479 1396 luem,
505 1308 540 1378 ni
565 1309 752 1397 Antonius,
775 1308 812 1380 id
833 1307 944 1403 ipsum
962 1326 1129 1394 metuens,
1151 1303 1240 1377 sesti-

271 1446 353 1498 nato
371 1426 495 1521 proelio
512 1426 692 1500 vietoriam
711 1426 930 1522 praecepiss'et.
979 1421 1147 1497 Universo
1159 1448 1242 1495 cum

270 1544 435 1632 exercitu,
453 1544 610 1618 secundis
625 1572 645 1618 a
664 1547 799 1617 Verona
816 1543 943 1633 castris,
958 1541 1165 1615 Bebriacum
1180 1566 1240 1614 ve·

271 1661 345 1734 nit:
372 1664 507 1758 postero
535 1663 605 1754 die,
637 1663 830 1761 legionibus
856 1662 901 1734 ad
929 1661 1159 1734 muniendum
1186 1684 1240 1731 re-

272 1780 387 1870 tentis,
403 1782 584 1856 auxiliares
600 1785 755 1856 cohortes
778 1782 814 1853 in
829 1780 1094 1854 Cremonensem
1117 1804 1240 1876 agrum

271 1898 389 1988 miffae,
423 1920 461 1971 ut
495 1899 606 1998 specie
642 1904 870 1998 parandarum
910 1899 1102 1993 copiarum,
1144 1896 1239 1969 civili

272 2018 385 2111 praedd
407 2019 504 2091 miles
520 2020 743 2093 imbueretur.
791 2016 878 2114 Ipse,
897 2043 978 2090 cum
996 2033 1141 2112 quatuor
1159 2015 1237 2088 mil·

269 2134 358 2207 libus
375 2137 547 2232 equitum,
571 2139 617 2211 ad
634 2140 796 2210 odarum
813 2162 833 2208 a
849 2136 1016 2209 Bebriaco
1029 2136 1236 2233 progressus,

270 2253 340 2349 qub
357 2253 512 2328 licentius
530 2258 794 2353 popularentur:
822 2257 1056 2352 exploratores
1086 2256 1143 2350 (ut
1159 2278 1235 2331 mos

269 2371 336 2466 est)
362 2373 497 2470 longius
517 2377 692 2447 curabant.

289 2521 292 2529 ·
315 2492 415 2564 XVI.
442 2495 607 2578 Qururn
632 2491 738 2565 ferme
754 2495 839 2565 hora
854 2494 921 2566 diei
943 2512 1027 2584 erat,
1047 2494 1131 2566 cum
1148 2493 1235 2566 citus

267 2633 384 2706 eques,
394 2611 612 2684 “adventare
623 2612 751 2701 hostes,
763 2614 932 2708 praegredi
946 2638 1085 2708 paucos,
1097 2631 1235 2684 motum

267 2734 294 2771 “
310 2726 555 2826 fremitumque
567 2730 635 2801 late
651 2730 802 2818 audiri,''
811 2730 992 2804 nuntiavit.
1042 2731 1139 2801 Dum
1157 2735 1233 2800 An·

267 2845 391 2935 tonius,
435 2847 649 2944 “quidnam
684 2851 901 2946 agendum‚''
939 2848 1120 2936 consultat,
1158 2846 1232 2918 avi·

262 2963 367 3037 ditate
391 2967 557 3039 navandae
579 2992 693 3063 operae
710 2967 833 3040 Arrius
846 2971 956 3041 Varus
981 2992 1061 3039 cum
1088 2990 1230 3061 promp-

263 3081 391 3155 tiffimis
417 3083 574 3178 equitum
599 3086 765 3181 prorupit,
795 3086 1005 3182 impulitque
1028 3083 1230 3156 Vitellianos

263 3202 398 3274 modical
425 3205 538 3287 caede;
566 3228 647 3275 nam
675 3203 826 3299 plurium
855 3201 1013 3290 adcursu,
1043 3200 1135 3273 versa
1161 3198 1230 3275 sor·

260 3339 356 3408 tuna,
374 3321 606 3394 &acerrimus
623 3320 767 3418 quisque
790 3321 1016 3417 sequentium,
1043 3318 1135 3416 fugae
1152 3319 1231 3392 ulti·

262 3463 338 3510 mus
365 3460 454 3512 erat:
491 3465 555 3511 nec
585 3439 704 3535 sponte
738 3440 882 3511 Antonii
916 3459 1151 3535 properatum,
1194 3442 1227 3509 &

259 3554 346 3645 sore,
377 3582 454 3652 quae
486 3558 695 3647 acciderant,
726 3560 874 3629 rebatur.
940 3560 1112 3629 Hortatus
1137 3556 1228 3645 suos,

261 3679 289 3715 “
305 3693 344 3744 ut
370 3699 500 3771 magno
518 3675 634 3748 animo
660 3678 868 3770 capesserent
885 3677 1079 3771 pugnam‚”
1103 3675 1226 3745 diduc-

259 3789 301 3862 tis
322 3790 358 3862 in
383 3794 487 3865 latera
511 3793 644 3880 turmis,
671 3817 821 3865 vacuum
845 3791 961 3865 medio
988 3792 1124 3889 reliquit
1153 3793 1226 3882 iter,

260 3934 330 4010 quo
351 3913 482 3987 Varum
506 3909 703 4010 equitesque
726 3909 796 4006 ejus
820 3910 997 4009 reciperet.
1047 3914 1150 4008 Juffae
1172 3938 1226 3989 at-

715 4030 753 4102 N
