3000 5144
335 589 405 638 220
537 566 578 637 C.
611 566 880 640 Connaarr
913 568 1117 644 Tncrrr

336 738 444 807 Erant
467 733 655 830 antiquitus
685 738 832 833 porticus
856 739 891 810 in
920 741 1023 812 latere
1050 734 1144 824 clivi,
1173 735 1305 807 dextrae

332 850 578 926 subeuntibus:
599 855 632 926 in
651 881 797 951 quarum
814 860 945 931 testum
963 860 1095 953 egressi,
1109 854 1197 926 saxis
1209 875 1308 951 tegu-

333 970 441 1066 lisque
465 971 661 1047 Vitellianos
686 978 889 1050 obruebant.
938 979 1066 1073 Neque
1087 973 1153 1046 illis
1170 996 1306 1060 manus,

334 1088 395 1162 nisi
410 1089 530 1185 gladiis
546 1113 701 1178 armata:
722 1098 754 1166 &
772 1097 934 1168 arcessere
951 1113 1133 1180 tormenta,
1152 1113 1210 1164 aut
1227 1089 1306 1163 mis-

334 1206 404 1280 filia
420 1210 497 1295 tela,
517 1210 662 1306 longum
681 1211 874 1285 videbatur.
923 1216 1029 1286 Faces
1050 1213 1086 1285 in
1106 1210 1306 1308 prominen-

333 1346 405 1399 tem
423 1327 593 1421 porticum
604 1327 738 1426 jecsre3
765 1329 1039 1428 &sequebantur
1061 1330 1203 1428 ignem:
1230 1354 1305 1401 am·

333 1445 512 1542 bullasque
534 1446 695 1542 Capitolii
723 1448 810 1521 sores
838 1451 1076 1546 penetrassent,
1101 1449 1137 1520 ni
1160 1447 1305 1521 Sabinus

331 1563 477 1640 revulsas
493 1565 648 1660 undique
671 1565 806 1656 statuas,
824 1569 950 1640 decora
968 1564 1152 1663 majorum,
1178 1566 1213 1637 in
1231 1564 1305 1662 ipso

332 1682 443 1772 aditu,
466 1682 541 1754 vice
565 1683 668 1771 muri,
691 1682 873 1782 objecisset.
922 1687 1019 1760 Tum
1035 1683 1185 1758 diversos
1200 1682 1307 1779 Capi·

333 1800 407 1875 tolii
434 1800 545 1873 aditus
572 1800 755 1892 invadunt,
777 1802 879 1901 juxta
904 1806 1023 1878 lucum
1050 1803 1146 1899 asyli,
1177 1802 1305 1899 &oua

333 1919 484 2015 Tarpeia
512 1945 612 2017 rupes
640 1942 782 1995 centum
810 1923 972 2020 gradibus
995 1923 1116 1996 aditur.
1166 1923 1305 2019 Impro-
1340 1935 1343 1940 “

333 2039 405 2112 visa
425 2059 570 2136 utraque
586 2040 660 2125 vis;
685 2041 824 2139 propior
839 2063 942 2139 atque
962 2043 1071 2116 acrior
1096 2067 1157 2137 per
1174 2039 1306 2136 asylum

333 2157 534 2254 ingruebat:
564 2184 628 2231 nec
648 2160 713 2232 fisti
732 2181 904 2257 poterant,
925 2160 1123 2233 scandentes
1141 2185 1202 2256 per
1219 2185 1304 2232 con-

326 2273 447 2373 junela
473 2276 639 2348 aedificia:
667 2302 758 2373 quae,
782 2279 872 2351 utin
889 2281 998 2352 multd
1015 2304 1113 2375 pace,
1139 2278 1176 2350 in
1193 2279 1304 2351 altum

334 2393 438 2480 edita,
455 2391 566 2466 solum
585 2395 748 2492 Capitolii
764 2401 958 2494 aequabant.
1007 2398 1085 2470 Hic
1100 2395 1307 2494 ambigitur,

335 2513 501 2610 “ignem
526 2514 624 2586 tedis
652 2538 910 2614 oppugnatores
937 2514 1127 2613 injecerint,
1163 2540 1207 2587 an
1240 2516 1304 2586 ob-

335 2640 363 2675 “
381 2631 490 2723 sessr,’'
514 2658 592 2728 quae
609 2618 760 2706 crebrior
776 2633 868 2708 sama
884 2635 946 2723 est,
972 2642 999 2677 “
1018 2634 1089 2732 qui>
1106 2634 1248 2706 nitentes
1263 2659 1304 2707 ac

335 2755 571 2849 “progressos
599 2753 845 2849 depellerent.'’
893 2755 980 2827 Inde
1008 2753 1120 2849 lapsus
1144 2752 1235 2848 ignis
1266 2752 1304 2824 in

334 2871 500 2967 porticus,
523 2873 689 2968 adpositas
722 2873 872 2945 aedibus:
907 2898 992 2945 mox
1020 2871 1215 2943 sustinentes
1242 2870 1304 2943 fas·

333 2991 459 3088 tigium
476 2991 614 3087 aquilae,
642 3011 754 3064 vetere
777 2992 888 3088 ligno,
915 3010 1088 3063 traxerunt
1110 2993 1303 3078 flammam,

333 3113 569 3206 alueruntque.
618 3110 671 3182 Sic
690 3110 915 3206 Capitolium,
938 3112 1056 3182 claufis
1081 3107 1227 3198 foribus,
1253 3108 1305 3180 in-

332 3228 510 3302 defensum
528 3236 561 3302 &
586 3229 808 3326 indireptum,
827 3229 1062 3325 conflagravit.

383 3350 540 3422 LXXII.
566 3352 611 3421 In
629 3348 759 3421 facinus
782 3349 857 3444 post
879 3348 1055 3420 conditam
1073 3350 1209 3419 Urbem
1232 3349 1304 3419 luc·

332 3467 556 3542 tuofiffimum
578 3467 871 3563 soedissrmumque
900 3467 1031 3562 populo
1060 3470 1225 3538 Romano
1243 3490 1301 3536 ac-

334 3587 436 3660 cidit:
467 3589 563 3658 nullo
587 3609 729 3658 externo
747 3587 857 3678 hoste,
884 3585 1049 3681 propitiis,
1073 3588 1094 3656 sr
1114 3610 1173 3680 per
1190 3610 1302 3656 mores

335 3708 462 3780 nostros
478 3706 608 3794 liceret,
630 3707 715 3793 deis,
739 3705 853 3778 sedem
871 3705 968 3796 Jovis
985 3704 1124 3799 optimi,
1144 3703 1301 3791 maximi,

334 3823 543 3922 auspicatba
566 3823 764 3921 majoribus,
791 3825 915 3920 pignus
938 3822 1083 3919 imperii,
1110 3821 1300 3908 conditam,

334 3970 439 4044 quam
462 3968 532 4018 non
549 3940 693 4017 Porsena
713 3941 828 4016 dedita
846 3945 959 4030 Urbe,
983 3966 1096 4039 neque
1112 3940 1205 4015 Galli
1222 3965 1304 4037 cap·
