3000 5144
266 620 337 693 ²50
495 596 1056 676 ccossssnracm

266 776 294 811 “
312 768 456 865 superbo
471 794 552 841 cum
569 769 731 866 imperio,
756 771 900 845 venire?
925 773 1015 846 tradi
1037 772 1069 846 se
1094 773 1237 870 praesec·

265 893 294 930 “
313 887 353 959 tis
383 888 731 986 centurionibusque:
759 915 847 987 quos
872 891 934 964 ubi
961 891 1074 988 spoliis
1099 897 1132 967 ἃ
1162 892 1238 963 san-

265 1011 295 1047 “
313 1004 418 1101 guine
445 1007 675 1101 expleverint,
705 1009 854 1092 mutari;
883 1009 1097 1106 exquirique
1122 1028 1237 1085 aoros
1318 1036 1326 1051 ·

266 1130 294 1165 “
312 1126 416 1213 smUS,
439 1129 474 1197 δι
490 1125 585 1197 varia
607 1128 782 1221 praedandi
798 1128 979 1200 vocabula.
1029 1127 1155 1201 instare
1170 1127 1236 1201 de-

265 1247 293 1285 “
312 1242 454 1330 lestum,
474 1268 545 1340 quo
561 1243 658 1317 liberi
673 1269 694 1316 a
716 1245 926 1342 parentibus,
942 1243 1062 1318 fratres
1080 1270 1101 1317 a
1121 1242 1235 1317 fratri·

265 1366 292 1403 “
312 1365 390 1451 bus,
416 1362 511 1434 velut
536 1360 736 1459 supremum
759 1362 967 1436 dividantur.
1027 1365 1236 1459 Numquam

264 1480 419 1577 “magis
447 1480 623 1555 adflislam
651 1507 724 1553 rem
746 1485 962 1566 Romanam
989 1506 1053 1554 nec
1074 1480 1169 1554 aliud
1195 1480 1236 1555 irs

263 1606 292 1644 “
309 1599 471 1688 hibernis,
491 1600 597 1695 quim
611 1601 763 1696 praedam
777 1604 810 1673 δι
822 1598 937 1673 senes:
956 1601 1148 1672 attollerent
1158 1618 1233 1672 tan·

263 1725 292 1761 ‘⁶
310 1718 387 1790 tum
404 1719 536 1806 oculos,
566 1723 599 1790 δι
616 1718 733 1790 inania
750 1717 929 1815 legionum
946 1717 1088 1790 nomina
1111 1743 1155 1789 ne
1172 1743 1234 1815 pa-

263 1843 291 1880 “
309 1835 504 1909 vescerent:
524 1838 590 1908 elle
607 1837 667 1909 fibi
685 1839 789 1910 robur
805 1835 962 1933 peditum
979 1835 1206 1932 equitumque
1220 1864 1235 1921 ;

263 1961 293 1998 “
310 1954 580 2052 consanguineos
603 1959 816 2040 Germanos3
836 1954 965 2027 Gallias
981 1954 1075 2027 idem
1092 1954 1234 2050 cupien-

262 2079 291 2117 “
309 2093 383 2146 tes:
413 2099 458 2147 ne
476 2074 647 2147 Romanis
662 2074 806 2172 quidem
828 2073 1005 2171 ingratum
1025 2071 1062 2145 id
1083 2073 1231 2163 bellum,

261 2190 404 2288 “cujus
425 2191 628 2288 ambiguam
648 2192 823 2266 fortunam
848 2191 1049 2289 Vespasiano
1076 2190 1230 2287 imputa-

262 2314 291 2353 “
309 2328 421 2382 turos:
443 2310 593 2382 vinoriae
611 2310 780 2384 rationem
794 2336 865 2383 non
881 2311 1016 2383 reddi.''

307 2429 389 2500 XV.
415 2431 570 2502 Masso
595 2455 677 2503 cum
701 2428 840 2504 adsensu
856 2429 1006 2518 auditis,
1024 2430 1170 2502 barbaro
1185 2427 1232 2501 ri-

260 2565 314 2634 tu,
356 2550 391 2619 &
423 2546 538 2642 patriis
570 2546 869 2636 exsecrationibus,
902 2545 1075 2620 universos
1108 2545 1232 2644 adigit.

259 2665 355 2739 Milli
370 2667 414 2738 ad
430 2665 683 2758 Canninefates,
708 2668 768 2766 qui
785 2667 924 2741 consilia
949 2665 1126 2739 sociarent.
1176 2668 1234 2742 Ea

262 2810 346 2882 gens
363 2807 497 2881 partem
519 2785 635 2860 insulae
651 2787 746 2875 colit,
772 2786 920 2884 origine,
938 2785 1071 2882 lingua,
1087 2784 1231 2875 virtute,

260 2928 323 2999 pat
348 2905 506 2976 Batavis:
536 2931 680 2978 numero
704 2904 915 3001 superantur.
965 2907 1057 2977 Mox
1087 2902 1231 2977 occultis

260 3021 402 3111 nuntiis,
425 3024 567 3120 pellexit
584 3024 774 3096 Britannica
789 3023 930 3111 auxilia,
949 3027 1158 3095 Batavorum
1171 3048 1233 3094 co·

260 3143 388 3230 hortes,
416 3141 529 3215 mill'as
545 3141 581 3212 in
598 3141 832 3231 Germaniam,
860 3162 899 3214 ut
920 3141 1020 3238 supra
1039 3140 1231 3230 retulimus,

260 3285 300 3333 ac
328 3280 404 3332 tum
421 3259 640 3356 Mogontiaci
664 3280 813 3357 agentes.
864 3263 950 3332 Erat
974 3260 1008 3332 in
1025 3258 1233 3332 Canninefa-

258 3378 364 3467 tibus,
388 3377 520 3450 stolidae
548 3379 700 3452 audaciae
726 3379 868 3466 Brinn0,
894 3379 1044 3452 claritate
1065 3377 1233 3451 natalium

259 3495 381 3593 infigni
399 3525 407 3567 :
428 3518 523 3593 pater
538 3495 609 3593 ejus
626 3499 734 3569 multa
749 3497 882 3569 hostilia
893 3496 1003 3585 ausus,
1022 3497 1231 3569 Caianarum

261 3615 525 3712 expeditionum
552 3615 742 3689 ludibrium
764 3616 906 3712 impune
930 3616 1107 3712 spreverat.
1156 3614 1237 3711 lgi·-

259 3754 313 3808 tur
328 3733 400 3830 ipso
417 3733 550 3806 rebellis
566 3733 703 3806 familiae
727 3734 844 3806 omine
868 3735 1009 3830 placuit,
1037 3731 1230 3830 impofitus-

261 3876 329 3947 que
354 3848 462 3939 scuto,
487 3876 583 3923 more
611 3851 738 3948 gentis,
762 3858 795 3926 dr
821 3851 1057 3925 sustinentium
1080 3849 1231 3924 humeris

258 3969 424 4059 vibratus,
447 3970 522 4043 dux
544 3968 720 4067 deligitur.
768 3971 958 4073 Statimque
984 3971 1100 4048 accitis
1117 3968 1227 4047 Frifiis
