3000 5144
428 606 822 681 Htsroninnutu
863 608 974 680 Lis.
1000 607 1061 681 IV.
1161 632 1230 706 309

308 776 513 850 LXXVIII.
539 778 653 850 VERA
677 799 795 850 erant:
828 784 899 852 &a
924 777 1069 854 tribunis
1091 778 1229 875 praescc-

260 892 369 991 tisque
396 898 518 967 eadem
544 896 797 993 ingerebantur.
857 898 1054 970 Conststuut
1083 923 1142 993 per
1171 921 1230 968 co·

262 1014 388 1104 hortes,
419 1018 451 1085 dc
471 1015 689 1111 manipulos:
721 1042 834 1112 neque
858 1017 952 1088 enim
978 1035 1107 1111 poterat
1126 1014 1232 1110 pates-

260 1156 338 1203 cere
354 1132 457 1220 acies,
481 1133 586 1204 effuso
608 1134 716 1221 hoste,
744 1140 777 1207 δι
795 1134 1063 1230 impedientibus
1080 1133 1232 1204 tentoriis

259 1250 475 1346 sarcinisque,
490 1253 572 1323 cum
589 1253 674 1324 intra
687 1255 816 1325 vallum
836 1274 1054 1348 pugnaretur.
1103 1253 1232 1338 Tutor,

260 1373 293 1439 &
311 1371 485 1458 Classicus,
511 1371 693 1459 &Civilis,
719 1370 783 1443 suis
807 1371 948 1468 quisque
972 1370 1056 1442 locis
1078 1394 1234 1465 pugnam

260 1486 422 1559 ciebant:
454 1491 574 1561 Gallos
605 1497 632 1530 “
652 1516 714 1586 pro
732 1490 927 1577 libertate,''
945 1492 1098 1560 Batavos
1123 1495 1149 1530 “
1168 1512 1234 1583 pro

261 1613 288 1647 “
308 1608 455 1703 glorizlss’
475 1611 669 1679 Germanos
700 1609 788 1679 “ad
820 1609 997 1703 praedam”
1023 1606 1232 1702 instigantes

194 1771 201 1783 ·
261 1726 308 1795 Et
337 1727 460 1796 cunda
486 1751 549 1821 pro
576 1725 727 1797 hostibus
750 1746 863 1797 erant:
894 1727 1005 1798 donec
1033 1725 1126 1821 legio
1150 1749 1235 1797 una-

261 1846 472 1934 etvicesrma,
501 1846 705 1941 patentiore,
726 1848 833 1943 quam
859 1866 993 1934 ceterae,
1023 1845 1128 1941 spatio
1150 1869 1234 1916 con-

261 1965 414 2059 globata,
433 1964 586 2037 sustinuit
604 1985 753 2054 ruentes,
772 1991 857 2037 mox
874 1964 1022 2060 impulit.
1073 1967 1150 2035 Nec
1167 1967 1235 2035 sme

261 2109 329 2178 ope
346 2083 475 2171 divina,
503 2084 640 2155 mutatis
662 2084 801 2178 repente
820 2084 957 2171 animis,
978 2102 1073 2180 terga
1090 2082 1236 2153 victores

238 2203 407 2273 ¹vendre.
458 2205 524 2297 Ipst
554 2203 688 2274 territos
710 2202 743 2274 se
767 2201 961 2275 cohortium
987 2199 1123 2297 aspectu
1150 2200 1236 2272 sere·

261 2322 360 2409 bant,
387 2347 464 2417 quae
492 2320 607 2416 primo
632 2320 765 2417 impetu
782 2319 944 2416 disjestae,
971 2319 1112 2392 summis
1128 2317 1239 2391 rursus

256 2436 349 2535 jugis
367 2444 682 2538 congregabantur,
707 2466 747 2511 ac
772 2438 919 2535 speciem
944 2439 1027 2511 novi
1051 2437 1169 2511 auxilii
1187 2435 1236 2509 fe-

261 2545 389 2629 cerunt.
439 2560 505 2630 Sed
522 2558 651 2631 obstitit
668 2558 885 2630 vincentibus
912 2583 1057 2652 pravum
1075 2558 1163 2628 inter
1180 2556 1236 2651 ip-

262 2675 315 2748 sos
349 2696 536 2766 certamen,
571 2677 667 2748 hoste
700 2676 836 2764 omisso,
871 2675 977 2771 spolia
1008 2674 1236 2748 consectandi.

260 2795 417 2884 Cerialis,
446 2816 484 2867 ut
516 2796 644 2867 incuria
667 2795 776 2890 prope
803 2818 877 2865 rem
905 2792 1053 2881 adflixit,
1084 2792 1130 2863 ita
1153 2818 1238 2864 con·

264 2914 385 2987 stantila
408 2914 573 2986 restituit:
601 2912 801 3008 secutusque
819 2910 1009 3000 fortunam,
1037 2910 1142 2983 castra
1160 2907 1237 2981 hos-

264 3035 352 3106 tium
370 3034 494 3104 eodem
511 3033 567 3104 die
584 3032 675 3128 capit
688 3031 936 3128 exscinditque.

310 3152 484 3222 LXXIX.
522 3154 608 3223 Nae
640 3150 674 3222 in
711 3152 857 3247 longum
890 3149 984 3246 quies
1011 3147 1113 3221 militi
1141 3150 1234 3223 data.

260 3272 415 3343 Orabaut
449 3269 621 3341 auxilium
653 3268 944 3365 Agrippinenses3
978 3269 1238 3366 offerebantque

264 3414 412 3462 uxorem
441 3414 479 3461 ac
504 3388 654 3460 sororem
679 3387 813 3477 Civilis,
838 3392 871 3460 ὃς
890 3388 996 3460 filiam
1012 3389 1158 3477 Classici,
1185 3414 1238 3461 re·

267 3508 346 3579 licta
374 3506 432 3579 fibi
463 3506 608 3603 pignora
638 3505 816 3578 societatis.
866 3511 987 3602 Atque
1015 3506 1151 3578 interim
1172 3505 1256 3578 dis-·

268 3624 381 3722 persos
399 3625 435 3696 in
459 3625 622 3697 domibus
639 3627 831 3695 Germanos
848 3625 1109 3697 trucidaverant.
1159 3627 1240 3697 Un-

265 3746 310 3817 de
328 3765 450 3833 metus,
470 3749 501 3815 &
519 3742 619 3839 justae
639 3768 757 3838 preces
774 3742 1025 3832 invocantium,
1052 3765 1240 3838 antequam

266 3862 391 3949 hostes,
406 3861 565 3957 reparatis
582 3862 725 3950 viribus,
741 3861 786 3933 ad
804 3861 914 3956 spem,
935 3863 990 3931 vel
1008 3861 1051 3932 ad
1073 3862 1239 3935 ultionem

264 3983 534 4079 accingerentur.
583 3982 807 4079 Namque&
832 3979 952 4055 Civilis
979 3978 1061 4052 illuc
1084 3979 1240 4054 intende·

445 4103 449 4110 .
696 4099 731 4172 X
759 4123 778 4194 3
