3000 5144
388 613 776 690 Hrsroarnnuu
809 613 918 687 Lis.
956 613 1019 686 IV.
1117 637 1183 711 31¹

213 807 285 856 mo.
333 781 550 858 Trahebatur
576 785 611 858 in
635 784 787 870 diversa3
813 785 894 859 hinc
918 786 1047 859 meritis
1072 791 1184 859 Anto·

213 901 275 991 nii,
302 899 399 997 eujus
426 904 534 976 dustu
568 903 765 976 confestum
794 905 887 976 baud
914 905 1020 977 dubie
1055 906 1185 977 bellum

213 1041 298 1111 erat,
316 1021 396 1093 inde
413 1022 570 1095 Muciani
587 1022 759 1118 epistolis:
781 1025 878 1095 simul
895 1023 1013 1115 ceteri,
1031 1045 1070 1095 ut
1094 1031 1121 1066 “
1134 1023 1185 1094 in·

216 1148 244 1183 “
262 1140 385 1213 festum
416 1140 687 1237 tumidumque”
720 1138 981 1231 insedebantur,
1018 1138 1188 1238 adjunctis

214 1257 337 1353 prioris
359 1257 438 1329 vitae
466 1257 690 1331 criminibus:
722 1284 835 1356 neque
860 1257 927 1355 ipse
952 1262 1069 1333 deerat
1086 1261 1187 1332 adro·

215 1376 332 1472 gantis
360 1400 484 1449 vocare
517 1376 673 1467 offensas,
707 1378 834 1451 nimius
860 1376 1188 1466 commemorandis,

215 1521 293 1591 quae
312 1495 495 1567 meruisset.
545 1502 573 1536 “
594 1496 721 1568 Alios’'
738 1517 777 1568 ut
799 1504 826 1539 “
840 1497 1035 1586 imbelles,”
1064 1505 1091 1540 “
1110 1499 1187 1570 Cae-

215 1622 242 1655 “
261 1613 399 1689 cinam''
421 1635 460 1685 ut
479 1613 700 1710 “captivum
716 1640 757 1687 ac
773 1615 1000 1687 dediticium'’
1023 1616 1187 1712 increpat.

214 1733 323 1806 Unde
346 1731 524 1828 paullatim
549 1732 657 1804 levior
678 1732 848 1829 viliorque
872 1733 1002 1823 haberi,
1029 1751 1189 1807 manente

216 1870 333 1925 tamen
350 1852 385 1922 in
403 1850 551 1948 speciem
567 1850 731 1924 amicitis.

256 1972 431 2044 LXXXI.
458 1973 620 2042 Peneos
647 1967 790 2062 menses,
816 1970 942 2067 quibus
967 1970 1189 2066 Vespasranus

214 2089 437 2164 Alexandria
468 2089 568 2162 statos
595 2088 720 2161 aestivis
750 2089 888 2162 flatibus
916 2089 1002 2178 dies,
1031 2092 1065 2160 &
1099 2110 1191 2163 certa

213 2208 329 2296 maris,
347 2207 602 2303 opperiebatur,
628 2208 737 2280 multa
750 2206 913 2280 miracula
929 2209 1087 2296 evenere,
1111 2209 1189 2303 quls

213 2327 288 2401 caeli
314 2324 424 2415 favor,
455 2331 488 2399 &
508 2326 668 2422 quaedam
692 2326 727 2397 in
746 2323 987 2422 Vespasranum
1014 2325 1191 2400 inclinatio

214 2445 400 2520 numinum
432 2442 676 2517 ostenderetur.
739 2447 795 2521 Ex
823 2447 924 2541 plebe
953 2446 1190 2520 Alexandrina

215 2565 373 2661 quidam,
398 2565 581 2636 oculorum
602 2566 680 2637 tabe
704 2583 820 2653 notus,
847 2590 961 2660 genua
982 2564 1053 2662 ejus
1069 2564 1190 2638 advol-

216 2683 323 2771 vitur,
354 2683 593 2755 “remedium
615 2681 799 2755 caecitatis'’
827 2682 1012 2778 exposcens
1040 2683 1189 2780 gemitu,

216 2801 351 2874 monitu
367 2801 537 2896 Serapidis
549 2800 619 2890 dei,
638 2826 745 2898 quem
762 2800 881 2872 dedita
898 2800 1191 2895 superstitionibus

216 2945 302 3017 gens
326 2939 405 2992 ante
432 2920 518 2993 alios
546 2921 646 2993 colit:
684 2922 952 3016 precabaturque
977 2918 1190 3013 Principem,

217 3048 300 3112 “ut
324 3063 428 3135 genas
452 3043 486 3111 &
508 3040 690 3111 oculorum
719 3041 820 3112 orbes
842 3038 1042 3136 dignaretur
1061 3034 1190 3132 resper-

217 3167 344 3255 “gere
371 3157 439 3229 oris
465 3158 723 3230 excremento‚”
773 3157 875 3229 Alius
904 3181 1047 3228 manum
1082 3181 1189 3253 aeger,

215 3279 339 3351 eodem
362 3276 431 3348 deo
448 3276 600 3365 auslore,
625 3283 652 3319 “
670 3294 708 3348 ut
733 3277 820 3371 pede
837 3303 877 3350 ac
894 3275 1040 3372 vestigio
1055 3273 1193 3347 Caesaris

218 3404 246 3440 “
265 3397 492 3483 calcaretur,''
522 3398 650 3467 orabat.
716 3393 938 3491 Vespasianus
971 3394 1083 3491 primb
1111 3394 1192 3467 inri-

216 3519 312 3605 dere,
333 3514 524 3610 aspernari3
550 3534 655 3610 atque
680 3513 746 3586 illis
770 3513 987 3602 instantibus,
1010 3514 1118 3585 modo
1141 3513 1191 3585 fa-

217 3661 315 3710 mam
340 3632 500 3706 vanitatis
522 3655 686 3720 metuere,
713 3632 822 3704 modo
843 3630 1075 3705 obsecratione
1103 3631 1192 3726 ipso·

217 3780 312 3842 rum,
337 3759 371 3824 δι
389 3751 532 3823 vocibus
555 3750 771 3824 adulantium
788 3751 824 3822 in
840 3749 934 3847 spem
952 3747 1093 3820 induci:
1114 3747 1189 3844 pos·

218 3871 332 3945 tremb
348 3869 532 3942 existimari
555 3895 576 3941 a
599 3868 742 3940 medicis
757 3865 871 3964 jubet,
898 3893 943 3938 an
968 3867 1042 3938 talis
1058 3867 1193 3939 caecitas

219 4014 261 4063 ac
276 3986 436 4063 debilitas
454 4011 522 4085 ope
538 3988 689 4060 humant
713 3985 915 4081 superabiles
938 3982 1060 4058 forent.
1109 3986 1192 4058 Me·

663 4105 698 4177 X
723 4131 749 4195 4
