3000 5144
336 576 403 653 130
560 551 1129 627 C.Connan11TAc1rr

335 734 363 770 “
382 727 456 801 dito
484 724 611 799 Vitelli
640 733 674 801 dt
707 725 856 799 Othonis
885 726 1091 824 principatu,
1128 721 1304 820 propriam

273 830 275 835 ,
336 854 364 889 “
382 846 449 943 ipse
488 846 688 942 potentiam,
724 850 757 918 δι
793 847 1028 942 polleffionem
1057 842 1306 938 Hispaniarum

335 972 364 1009 “
381 967 561 1038 tentaffet:
593 967 703 1063 eoque
726 964 975 1060 diplomatibus
1003 964 1139 1037 nullum
1171 959 1304 1033 Princi-

335 1091 462 1180 “pem
492 1082 773 1181 prascripstffet.”
822 1085 1114 1179 Interpretabatur
1142 1080 1304 1178 quadam

337 1230 383 1278 ex
400 1203 612 1276 orationibus
629 1201 713 1301 ejus,
744 1202 990 1275 contumeliosa
1006 1203 1040 1273 in
1052 1200 1246 1288 Vitellium,
1270 1205 1304 1272 dc

337 1349 401 1420 pro
425 1323 457 1394 le
480 1321 551 1418 ipio
577 1320 769 1418 popularia.
819 1322 1014 1395 Audoritas
1030 1320 1148 1393 Cluvii
1174 1343 1304 1415 prava·

336 1441 414 1532 luit,
437 1462 475 1514 ut
492 1439 606 1537 puniri
622 1442 711 1513 ultro
734 1441 896 1514 libertum
921 1438 1019 1513 suum
1039 1440 1194 1513 Vitellius
1204 1437 1306 1536 jube-

335 1582 397 1634 ret.
460 1559 605 1632 Cluvius
636 1560 815 1632 comitatui
844 1560 1011 1657 Principis
1037 1559 1202 1658 adjedlus‚
1236 1585 1308 1632 non

336 1683 499 1776 ademptd
517 1679 698 1776 Hispania,
717 1703 822 1775 quam
836 1679 923 1752 rexit
938 1679 1069 1770 absens,
1083 1678 1246 1775 exemplo
1261 1681 1307 1750 L.

337 1798 516 1874 Arruntii:
546 1823 628 1871 eutn
645 1798 806 1871 Tiberius
823 1798 932 1872 Caesar
953 1800 1000 1871 ob
1025 1819 1173 1888 metum,
1198 1799 1307 1871 Vitel-

336 1919 400 1991 lius
436 1917 603 1991 Clurium
635 1919 730 1991 nulla
764 1916 948 1991 formidine
981 1918 1158 1991 retinebat.
1223 1919 1309 1990 Non

336 2038 430 2111 idem
458 2038 635 2111 Trebellio
668 2036 832 2111 Maximo
858 2040 985 2109 honos:
1016 2036 1213 2135 profugerat
1234 2036 1307 2108 Bri·

336 2158 468 2246 tannia,
495 2159 543 2230 ob
565 2154 777 2230 iracundiam
797 2156 965 2229 militum:
991 2156 1107 2229 missus
1131 2156 1233 2228 estin
1257 2157 1308 2229 lo·

337 2298 421 2350 curn
434 2273 518 2372 ejus,
536 2275 669 2347 Vettius
686 2276 864 2348 Bolanuse
882 2274 1112 2371 presentibus.

386 2395 522 2467 LXVI.
558 2399 753 2466 Anonnnr
786 2393 967 2467 Vitellium
1000 2395 1170 2467 vibratum
1201 2395 1309 2493 legio·

337 2536 425 2586 num
455 2513 726 2610 haudquaquam
755 2512 880 2587 fradus
911 2513 1070 2587 animus:
1105 2514 1223 2610 sparsa
1251 2540 1310 2612 per

337 2632 487 2722 ltaliam,
516 2637 551 2704 δι
579 2630 766 2706 vidoribus
794 2631 987 2729 permixta,
1020 2632 1156 2705 hostilia
1188 2635 1309 2730 loque·

338 2757 483 2827 bantur:
526 2751 702 2849 praecipua
750 2752 1135 2849 quartadecimanorum
1170 2751 1310 2842 ferocia,
1340 2789 1344 2798 ·

338 2872 414 2970 qui,
449 2879 476 2914 “
495 2873 528 2944 se
551 2871 687 2944 vidos''
712 2874 934 2945 abnuebant:
971 2846 1001 2914 “⁹
1016 2873 1148 2969 quippe
1175 2871 1311 2945 Bebria-

338 2999 367 3036 “
386 2995 474 3066 censi
498 2992 583 3080 acie,
601 2990 784 3064 vexillariis
808 2992 943 3063 tannim
961 2992 1077 3088 pulsis,
1100 2991 1187 3063 vites
1204 2991 1311 3089 legio·

340 3112 441 3186 “nis
467 3136 537 3183 non
561 3109 740 3183 adfuilse.'’
789 3110 937 3183 Remitti
958 3138 1015 3184 eos
1038 3113 1072 3183 in
1088 3112 1310 3201 Britanniam,

337 3235 431 3307 unde
448 3233 621 3304 aNerone
637 3228 740 3302 exciti
755 3249 862 3318 erant,
882 3231 1033 3326 placuit3
1056 3251 1159 3327 atque
1175 3231 1312 3304 interim

339 3357 545 3427 Batavorum
563 3351 723 3422 cohortes
740 3351 809 3422 una
836 3351 989 3440 tendere,
1016 3353 1063 3423 ob
1081 3371 1231 3423 veterem
1250 3352 1311 3422 ad-.

339 3472 458 3545 versits
487 3469 803 3567 quartadecimanos
831 3469 1057 3542 discordiam:
1087 3495 1151 3541 nee
1181 3469 1243 3540 diu
1274 3468 1311 3540 in

339 3590 442 3662 tantis
459 3608 667 3660 armatomm
688 3587 776 3660 odiis
790 3586 889 3684 quies
906 3587 981 3660 fuit.
1032 3588 1198 3685 Augusta
1215 3590 1311 3661 Tau·

340 3710 508 3795 rinorum,
544 3708 631 3778 dum
660 3706 824 3804 opificem
856 3709 1046 3803 quemdam
1082 3709 1242 3796 Batavus,
1272 3728 1311 3781 nt

340 3824 586 3913 fraudatorem,
611 3824 806 3916 insedaur,
835 3826 1054 3923 legionarius,
1073 3849 1111 3899 ut
1129 3825 1310 3923 hospitem,

338 3964 464 4036 tuetur,
491 3943 540 4017 sui
556 3942 682 4042 cuique
696 3945 952 4020 commilitones
968 3945 1161 4045 aggregati,
1185 3967 1207 4019 a
1226 3970 1311 4020 con·
