3000 5144
375 645 771 720 Histonrnaum
806 645 916 718 Lis.
952 645 997 717 V.
1101 668 1170 743 337

195 837 304 912 trium
321 836 388 912 vis:
416 837 556 912 tricenis
579 834 881 936 quadragenisque
900 856 1115 945 armamenta
1128 833 1168 907 li-

194 957 352 1034 burnicis
367 958 483 1046 solita,
509 959 545 1030 δι
562 959 661 1031 hmul
679 978 788 1053 captae
805 956 936 1042 lintres,
953 953 1078 1052 sagulis
1091 979 1170 1028 ver·

196 1077 414 1165 siculoribus,
441 1080 538 1152 haud
565 1077 730 1151 indecore
756 1099 819 1173 pro
844 1073 929 1148 velis
945 1075 1170 1170 juvabantur.

197 1195 359 1295 Spatium
376 1200 474 1271 velut
489 1195 639 1295 aequoris
654 1197 820 1283 ereetum,
838 1194 901 1267 ubi
920 1194 1032 1267 Mosae
1049 1193 1168 1266 flumi-

194 1316 305 1390 nisos
324 1342 466 1391 amnem
484 1319 656 1390 Rhenum
674 1318 819 1389 Oceano
834 1313 1010 1388 adfundit.
1060 1312 1171 1387 Causa

193 1433 404 1510 instruendae
427 1437 548 1522 claffis,
573 1435 675 1534 super
699 1434 832 1508 instram
853 1438 949 1533 genti
965 1433 1169 1522 vanitatem,

193 1573 292 1629 uteo
308 1576 436 1629 terrore
454 1575 672 1628 commeatus
687 1553 803 1628 Gallia
822 1556 1047 1627 adventantes
1066 1553 1169 1627 inter-

192 1672 362 1772 cipereut.
413 1673 557 1748 Cerialis
580 1674 752 1748 miraculo
779 1672 905 1772 magis,
931 1673 1038 1772 quam
1056 1696 1168 1762 metu,

192 1792 322 1868 direxit
337 1795 489 1881 claffem,
515 1818 665 1867 numero
686 1792 870 1890 imparem,
895 1791 958 1866 usu
978 1793 1168 1893 remigum,

192 1915 469 2011 gubernatorum
495 1933 579 2001 arte,
610 1911 755 1987 navium
784 1910 1030 2011 magnitudine
1054 1914 1169 2011 potio·

193 2056 278 2106 rem.
329 2032 402 2107 His
418 2036 552 2107 flumen
578 2031 797 2120 secundum,
824 2032 876 2105 illi
896 2054 1003 2107 vento
1019 2037 1169 2132 ageban-

191 2170 259 2225 tur.
315 2150 372 2227 sic
398 2151 573 2250 praeveeti,
605 2172 739 2226 tentato
764 2153 915 2226 telorum
936 2153 1049 2249 jado,
1085 2153 1168 2228 diri-

191 2292 349 2345 muntur.·
401 2270 525 2346 Civilis
542 2271 631 2344 nihil
648 2273 737 2346 ultra
750 2270 866 2359 ausus,
891 2280 983 2346 trans
997 2273 1170 2349 Rhenum

192 2394 365 2465 conceffit.
417 2390 562 2466 Cerialis
591 2390 740 2466 insulam
767 2394 975 2467 Batavorum
1001 2392 1169 2467 hostiliter

191 2512 394 2607 populatus,
425 2537 527 2609 agros
552 2511 720 2610 villasque
745 2512 871 2586 Civilis
895 2512 1057 2600 intadlos,
1086 2518 1170 2588 notai
1223 2502 1229 2509 ’

191 2648 262 2701 arte
280 2629 430 2717 ducum,
448 2633 598 2705 sinebat:
616 2633 699 2706 cum
713 2629 867 2720 interim,
881 2635 976 2706 flexu
994 2632 1169 2719 autumni,

191 2748 370 2824 &crebris
385 2749 600 2846 pluvialibus
620 2749 808 2838 imbribus,
826 2749 1024 2849 superfusus
1040 2751 1167 2838 amnis,

190 2867 376 2963 palustrem
403 2868 650 2968 humilemque
676 2867 825 2942 insulam
851 2868 888 2942 in
912 2869 1038 2943 faciem
1056 2870 1169 2969 stagni

192 2985 365 3083 opplevit:
391 3015 457 3064 nec
472 2991 593 3076 claffis,
618 3009 679 3063 aut
693 3008 911 3064 commeatus
923 2991 1082 3063 aderant:
1098 2989 1167 3064 cas-

190 3125 312 3204 traque
329 3106 365 3180 in
379 3110 486 3205 plano
501 3113 573 3196 sua,
590 3109 626 3184 vi
639 3109 798 3183 fluminis
810 3109 1071 3184 differebantur.

217 3228 355 3300 XXIV.
391 3237 416 3272 “
436 3231 631 3303 Porurssa
657 3250 742 3303 tunc
765 3228 919 3328 opprimi
941 3227 1109 3328 legiones,
1134 3235 1167 3306 &

193 3354 218 3387 “
235 3345 381 3420 voluiffe
408 3350 617 3437 Germanos,
643 3348 704 3422 se'd
728 3350 812 3423 dolo
836 3376 857 3422 a
882 3348 915 3423 se
932 3352 1078 3439 flexos,''
1101 3350 1167 3424 im·

190 3465 329 3563 putavit
353 3465 489 3542 Civilis.
539 3472 670 3567 Neque
707 3473 869 3543 abhorret
894 3496 990 3557 vero,
1023 3473 1168 3567 quando

191 3585 313 3681 paucis
325 3587 403 3682 post
418 3588 545 3662 diebus
562 3588 698 3664 deditio
715 3588 868 3663 insecuta
880 3590 940 3663 est.
986 3593 1082 3662 Nam
1100 3594 1167 3664 Ce-

192 3703 298 3793 rialis,
315 3732 377 3803 per
391 3711 550 3782 occultos
564 3709 721 3797 nuntios,
749 3721 774 3752 “
791 3707 927 3782 Batavis
943 3735 1080 3806 pacem,
1107 3709 1167 3783 Ci-

192 3837 217 3870 “
235 3827 298 3901 vili
312 3826 474 3903 veniam’'
491 3826 677 3915 ostentans,
693 3828 864 3901 Veledam
881 3826 1168 3926 propinquosque
1238 3851 1241 3855 ·

191 3952 373 4036 mouebat,
391 3958 418 3992 “
432 3946 610 4022 fortunam
623 3947 720 4037 belli,
738 3969 791 4021 tot
803 3947 964 4024 cladibus
976 3946 1168 4036 adversam,

192 4074 218 4109 “
236 4088 436 4166 opportuno
446 4093 527 4166 erga
539 4069 713 4167 populum
727 4070 935 4142 Romanum
949 4067 1075 4142 merito
1089 4093 1167 4140 mu-

661 4188 695 4260 Z
