3000 5144
359 543 770 621 Hrsron'rnnuu
800 543 996 623 Lrn.lI.
1099 567 1161 625 111

240 714 449 790 XXXVIII.
475 719 618 806 Verus,
641 745 682 792 ac
698 717 774 817 jam
799 719 934 816 pridem
954 720 1049 793 insita
1072 745 1167 793 mor·

191 836 315 910 talibus
332 835 493 932 potentiae
512 837 656 933 cupido,
675 863 756 911 curn
773 838 907 936 imperii
925 839 1168 937 magnitudine

189 955 355 1045 adolevit,
381 954 572 1052 erupitque.
621 959 719 1030 Nam
741 960 843 1031 rebus
865 958 1025 1048 modicis,
1050 985 1167 1055 aequa·

191 1074 268 1148 litas
296 1072 397 1149 facile
419 1076 634 1149 habebatur:
666 1074 724 1148 sed
746 1076 808 1150 ubi
840 1075 980 1150 subaslo
1008 1080 1105 1168 orbe,
1134 1082 1168 1152 δι

191 1194 326 1267 aemulis
355 1193 499 1267 urbibus
532 1192 714 1292 regibusve
746 1196 878 1285 excisis,
917 1196 1047 1271 securas
1086 1220 1170 1293 opes

192 1312 431 1410 concupiscere
455 1340 608 1389 vacuum
625 1313 706 1404 fuit,
731 1315 843 1412 prima
866 1315 951 1389 inter
969 1338 1079 1412 patres
1096 1317 1170 1412 ple·

192 1433 345 1529 bemque
387 1433 573 1508 certamina
603 1437 767 1507 exarsere.
833 1432 952 1509 Modd
978 1434 1170 1509 turbulenti

190 1551 337 1643 tribuni,
359 1552 469 1626 rnodd
492 1553 646 1627 consules
673 1552 864 1650 praevalidi,
891 1557 924 1627 δι
948 1554 985 1626 ἰη
1009 1555 1108 1626 Urbe
1129 1578 1170 1626 ac

190 1669 266 1746 foro
283 1691 495 1746 tentamenta
510 1673 666 1746 civilium
685 1674 869 1779 bellorum.
918 1677 1013 1746 Mox
1030 1699 1050 1745 e
1067 1674 1170 1770 plebe
1256 1701 1257 1704 ¹

191 1790 326 1882 infima,
358 1793 401 1865 C.
436 1792 586 1881 Marius,
622 1793 655 1865 ἃ
685 1791 859 1865 nobilium
892 1792 1090 1867 saeviffimus
1121 1795 1169 1867 L.

192 1910 297 2002 Sulla,
322 1911 448 1984 vittam
477 1911 580 1984 armis
608 1911 802 1984 libertatem
827 1910 863 1982 in
894 1911 1170 1986 dominationem

192 2049 377 2104 verterunt.
421 2031 503 2104 Post
520 2057 609 2128 quos
622 2032 688 2103 Cn.
700 2029 889 2127 Pompeius
902 2024 1083 2118 occultior,
1097 2056 1170 2104 non

191 2149 323 2224 melior.
375 2153 422 2224 Et
447 2176 641 2248 numquam
666 2151 796 2247 postea,
822 2150 882 2223 nifi
906 2150 951 2223 de
973 2149 1171 2248 principatu

192 2272 384 2366 quaestum.
434 2272 519 2342 Non
544 2267 724 2342 discessere
746 2271 792 2343 ab
816 2268 917 2342 annis
942 2268 978 2341 in
1002 2270 1171 2345 Pharsalia
1248 2352 1253 2361 ‚

193 2414 233 2461 ac
257 2388 427 2486 Philippis
452 2388 583 2462 civium
606 2388 781 2486 legiones;
805 2391 936 2461 nedum
952 2390 1104 2464 Othonis
1128 2415 1170 2465 ac

192 2508 322 2581 Vitellii
352 2507 522 2582 exercitus
549 2507 671 2605 sponte
700 2507 840 2605 posituri
869 2509 1003 2581 bellum
1029 2508 1169 2583 suerint.

193 2630 328 2701 Eadem
356 2628 433 2701 illos
460 2629 568 2701 delun
595 2627 656 2718 ira,
679 2629 801 2702 eodem
830 2609 1015 2701 hominum
1042 2628 1168 2718 rabies,

192 2749 324 2820 eadem
340 2743 503 2822 scelerum
520 2751 627 2822 causae
645 2747 681 2820 in
698 2746 903 2820 discordiam
919 2747 1034 2843 egere.
1060 2745 1170 2844 Qrbd

192 2867 331 2964 singulis
348 2870 442 2941 velut
468 2867 589 2941 ictibus
614 2864 778 2939 transada
802 2864 877 2937 sunt
901 2866 1005 2954 bella,
1032 2865 1172 2961 ignavis

193 2987 393 3084 Principum
428 2986 558 3059 saelum
587 2986 644 3058 est.
694 2987 761 3059 Sed
787 3011 844 3057 me
870 3004 1026 3056 veterum
1055 3009 1169 3056 novo·

192 3132 342 3203 rumque
366 3132 507 3180 morum
532 3105 704 3202 reputatio
729 3104 867 3202 longius
890 3103 986 3178 tulit:
1011 3130 1104 3179 nunc
1121 3104 1168 3179 ad

194 3251 310 3298 rerum
327 3225 487 3298 ordinem
504 3224 617 3298 veni0.

240 3346 419 3419 XXXIX.
445 3347 653 3417 Pnorrcro
671 3344 860 3418 Brixellum
879 3344 1034 3434 Othone,
1058 3345 1170 3417 honor

194 3463 331 3560 imperii
359 3489 464 3560 penes
492 3463 674 3538 Titianum
700 3463 853 3554 fratrem,
882 3463 934 3536 vis
960 3489 1000 3537 ac
1024 3462 1170 3559 potestat

197 3609 301 3680 penes
330 3584 535 3672 Proculum,
565 3581 779 3678 praesestum.
838 3581 956 3656 Celsus
982 3588 1015 3655 &
1040 3582 1169 3655 Paulli·

195 3728 273 3799 nus,
300 3701 383 3776 curn
409 3701 591 3797 prudentis
607 3727 730 3775 eorum
756 3727 860 3775 nemo
883 3721 1051 3792 uteretur,
1074 3700 1169 3774 inani

194 3820 336 3894 nomine
363 3822 508 3910 ducum,
542 3821 662 3895 alienae
692 3823 804 3918 culpae
838 3822 1166 3918 praetendebantur:

195 3938 324 4015 tribuni
341 3940 624 4039 centurionesque
638 3941 812 4041 ambigui,
831 3941 941 4041 quod,
960 3938 1076 4040 spretis
1092 3967 1167 4018 me·
