3000 5144
350 539 420 609 228
549 532 592 609 C.
632 534 896 608 Consistit
939 534 1139 609 Tnctrr

398 708 570 781 LXXXI.
596 711 837 781 Miscuannr
860 706 891 779 se
909 708 1028 804 legatis
1045 706 1227 783 Musonius
1244 710 1320 781 Ru·

348 825 420 913 sus,
454 827 617 921 equestris
650 826 794 914 ordinis,
832 826 983 900 studium
1013 825 1253 921 philosophia,
1285 831 1318 898 δι

351 944 476 1040 placita
486 944 679 1017 Stoicorum
696 944 888 1031 aemulatus,
906 946 1149 1040 coeptabatque
1168 943 1321 1039 permix-

351 1084 407 1135 tus
432 1062 631 1159 manipulis,
650 1070 677 1105 “
693 1065 785 1134 bona
813 1063 904 1158 pacis
930 1089 969 1135 ac
994 1063 1076 1136 belli
1102 1061 1321 1135 discrimina”

347 1181 523 1268 differens,
546 1203 695 1253 armatos
718 1200 867 1254 monere.
917 1183 957 1254 Id
977 1178 1143 1279 plerisque
1159 1182 1321 1272 ludibrio,

349 1299 510 1397 pluribus
526 1299 651 1371 tedio:
673 1324 736 1371 nec
753 1301 904 1388 deerant,
920 1301 979 1397 qui
999 1302 1227 1397 propellerent
1241 1326 1321 1397 pro·

347 1419 606 1514 culcarentque,
624 1417 672 1505 ni,
691 1418 870 1490 admonitu
887 1419 1119 1491 modestissimi
1141 1416 1320 1515 cujusque,

351 1540 383 1609 δι
401 1538 474 1608 aliis
492 1535 742 1623 minitantibus,
769 1536 928 1608 omififfet
943 1535 1218 1633 intempestivam
1235 1534 1323 1633 sapi·

347 1656 490 1727 entiam.
540 1654 664 1726 Obviae
694 1652 790 1726 fuere
815 1660 847 1725 δι
870 1653 1024 1779 virgines
1048 1654 1213 1743 Vestales,
1243 1681 1325 1728 cutn

349 1774 498 1870 epistolis
520 1771 664 1860 Vitellii,
695 1773 739 1843 ad
762 1773 959 1845 Antonium
981 1770 1135 1869 scriptis:
1168 1780 1196 1813 “
1216 1773 1323 1844 eximi

350 1900 378 1939 “
397 1891 556 1989 supremo
570 1890 748 1964 certamini
763 1917 870 1964 unum
887 1891 1004 1964 diem'’
1022 1891 1233 1987 postulabat:
1253 1898 1280 1933 “
1300 1894 1323 1963 si

352 2017 379 2054 “
399 2036 532 2083 moram
569 2008 820 2105 interjecillent‚
854 2008 985 2083 facilius
1025 2008 1143 2081 omnia
1169 2035 1323 2082 conven-

353 2136 382 2173 “
400 2131 512 2201 tura.'’
563 2128 722 2224 Virgines
738 2154 820 2201 cum
844 2131 974 2201 honore
991 2126 1157 2200 dimiffae:
1184 2127 1324 2202 Vitellio

351 2247 566 2343 rescriptum,
595 2246 754 2319 “Sabini
777 2247 938 2335 caede,&
966 2246 1127 2319 incendio
1144 2245 1322 2342 Capitolii,

352 2371 382 2407 “
398 2364 568 2459 dirempta
584 2364 665 2437 belli
678 2365 922 2437 commercia.’'

345 2512 350 2529 ¹
398 2484 591 2554 LXXXII.
616 2486 651 2554 T
655 2508 832 2556 nurnvir
855 2504 971 2556 tamen
995 2482 1169 2563 Antonius
1185 2501 1324 2557 soeatas

350 2600 396 2673 ad
409 2601 610 2674 concionem
630 2601 781 2698 legiones
799 2582 972 2698 mitigate,
989 2608 1017 2645 “
1031 2622 1084 2692 ut,
1099 2601 1212 2675 castris
1223 2601 1324 2699 juxta

353 2726 546 2816 “pontem
575 2721 741 2793 Milvium
772 2720 899 2816 positis,
939 2721 1071 2817 poster&
1098 2718 1155 2792 die
1188 2722 1325 2792 Urbem

344 2845 381 2881 ·“
402 2838 697 2934 ingrederentur.''
748 2839 853 2912 Ratio
870 2838 1069 2927 cunelandi
1097 2865 1141 2913 ne
1157 2835 1326 2933 asperatus

346 2958 475 3054 proelio
494 2958 605 3045 miles,
624 2984 693 3028 non
712 2959 854 3052 populo,
878 2984 948 3029 non
965 2957 1106 3045 senatui,
1125 2983 1168 3028 ne
1186 2957 1325 3051 templis

352 3077 509 3173 quidem,
527 3101 566 3147 ac
583 3076 733 3148 delubris
749 3077 895 3148 deorum
913 3076 1113 3149 consuleret.
1163 3078 1229 3148 Sed
1246 3102 1323 3148 orn-

352 3220 434 3267 nem
459 3193 700 3290 prolationem,
719 3214 757 3264 ut
779 3194 954 3266 inimicam
973 3194 1139 3283 vistoriae‚
1160 3193 1324 3291 suspesla-

255 3336 260 3345 ’
351 3314 446 3386 bant.
495 3311 604 3383 Simul
630 3312 797 3407 fulgentia
822 3339 881 3408 per
903 3315 1006 3385 colles
1028 3314 1168 3401 vexilla,
1200 3339 1323 3408 quam·

351 3455 458 3527 quam
476 3429 625 3501 imbellis
642 3433 789 3525 populus
806 3430 1010 3527 sequeretur,
1036 3432 1184 3528 speciem
1197 3431 1323 3504 hostilis

345 3546 523 3620 exercitiis
553 3547 713 3620 secerant.
778 3550 970 3645 Tripartito
1004 3551 1158 3647 agmine,
1190 3577 1266 3646 pars
1288 3572 1325 3621 ut

351 3668 535 3753 adstiterat,
563 3667 732 3739 Flaminia
749 3667 821 3751 visu
849 3694 924 3764 pars
935 3668 1038 3764 juxta
1059 3670 1169 3764 ripam
1187 3668 1322 3742 Tiberis

349 3784 477 3857 incessit
486 3813 496 3869 ;
511 3785 646 3857 tertium
660 3810 799 3881 agmen,
813 3812 873 3882 per
884 3787 1060 3875 Salariam,
1080 3786 1225 3860 Collinae
1242 3811 1321 3882 por-

349 3920 392 3974 tae
416 3902 681 3999 propinquabat.
732 3904 833 3978 Plebs
863 3904 1006 3977 invectis
1034 3904 1209 4001 equitibus
1238 3902 1320 3977 susa.
