2978 5144
370 547 419 624 54
549 521 592 594 C.
633 521 899 594 Connrsrr
940 517 1141 595 Tncrrr

366 699 448 770 ellet
466 694 552 769 inter
568 695 770 768 innocentes
789 712 917 783 orator,
943 695 1028 767 ficut
1050 693 1138 766 inter
1152 691 1250 766 sanos
1267 712 1344 765 me·

366 815 477 888 dicus.
535 814 728 910 Qromodo
760 831 876 884 tamen
908 810 1096 884 minimum
1125 811 1206 883 usus
1239 808 1345 882 mini·-

366 956 536 1028 mumque
555 930 729 1028 profestbs
745 956 798 1003 ars
814 929 984 1003 medentis
1005 931 1108 1002 habet
1123 929 1158 1001 in
1175 928 1227 1000 his
1255 952 1342 1025 gen·

366 1051 475 1140 tibus,
502 1075 582 1146 quae
607 1048 794 1122 firmissime
823 1047 1020 1121 valetudine
1048 1074 1089 1121 ac
1112 1045 1343 1122 saluberrimis

366 1168 569 1265 corporibus
596 1186 761 1241 utuntur:
793 1171 838 1240 sic
868 1166 984 1240 minor
1010 1187 1188 1240 oratorum
1216 1165 1341 1239 obscu-

366 1289 506 1386 riorque
524 1285 634 1385 gloria
654 1286 704 1359 est
724 1286 813 1358 inter
835 1288 946 1360 bonos
963 1311 1091 1375 mores,
1121 1291 1155 1360 &
1178 1284 1214 1358 in
1240 1283 1340 1359 obse·

333 1402 338 1409 ’
366 1407 491 1505 quium
522 1405 671 1503 regentis
705 1425 852 1502 paratos.
917 1403 1014 1502 Qrid
1047 1403 1142 1476 enim
1174 1429 1262 1500 opus
1289 1403 1340 1478 est

366 1524 482 1624 longis
500 1524 537 1597 in
559 1522 675 1597 senatu
691 1523 876 1614 sententiis,
899 1525 981 1596 clim
1006 1521 1133 1620 optimi
1158 1521 1228 1594 citb
1253 1548 1339 1595 con·

365 1643 534 1718 sentiant?
585 1641 682 1740 Qrid
708 1643 824 1717 multis
852 1642 945 1739 apud
968 1641 1140 1739 populum
1164 1641 1340 1714 concioni·

364 1764 446 1852 bus,
464 1761 547 1835 ciam
565 1763 609 1835 de
625 1761 800 1859 republicis
824 1786 895 1833 non
919 1757 1071 1855 imperiti
1098 1758 1136 1830 δι
1158 1759 1259 1832 multi
1276 1762 1340 1833 de·

364 1880 523 1971 liberent,
551 1879 610 1954 sed
635 1880 895 1978 sapientiffimus
922 1878 959 1950 &
985 1881 1098 1951 unus?
1148 1878 1246 1976 Qud
1275 1904 1339 1952 vo-

365 2000 519 2074 luntariis
535 1999 822 2089 accusationibus,
839 2000 922 2072 cum
937 2017 1008 2070 tarn
1024 1996 1101 2069 rard
1117 1996 1154 2068 &
1170 2016 1242 2070 tarn
1260 2025 1339 2095 par-

364 2120 406 2194 ce
433 2123 621 2218 peccetur?
684 2118 784 2216 Qid
816 2116 989 2190 invidiosis
1017 2116 1055 2187 δι
1091 2116 1340 2192 excedentibus

361 2240 512 2313 modum
533 2235 800 2326 defensionibus,
822 2238 905 2310 cum
921 2234 1105 2309 clementia
1125 2234 1338 2334 cognoscen-

361 2356 404 2429 tis
432 2354 577 2429 obviam
606 2353 874 2451 periclitantibus
901 2358 981 2427 eat?
1011 2353 1165 2443 Credite,
1193 2355 1336 2452 optimi,

361 2477 412 2563 δι,
441 2473 478 2545 in
504 2489 676 2569 quantum
691 2497 780 2569 opus
807 2471 871 2563 est,
896 2471 1099 2547 disertissimi
1122 2472 1202 2563 viri,
1230 2477 1253 2546 sr
1279 2494 1338 2547 aut

361 2617 426 2666 vos
443 2590 611 2689 prioribus
627 2589 770 2681 saeculis,
797 2611 856 2664 aut
872 2591 940 2682 isti,
971 2617 1059 2688 quos
1075 2591 1255 2681 miramur,
1283 2592 1338 2666 his

362 2712 433 2786 nati
461 2713 581 2802 essent,
615 2736 656 2784 ac
682 2712 766 2784 deus
794 2710 917 2809 aliquis
943 2710 1030 2783 vitas
1057 2711 1197 2800 vestras,
1225 2711 1338 2786 vestra

360 2851 518 2928 tempora
534 2830 673 2928 repente
698 2833 856 2905 mutaffet
870 2859 881 2917 ;
908 2856 972 2903 nec
996 2831 1095 2904 vobis
1122 2829 1254 2904 summa
1280 2830 1337 2903 illa

361 2951 436 3023 laus
461 2955 494 3024 δι
525 2949 636 3047 gloria
652 2950 688 3021 in
705 2950 913 3047 eloquentis,
939 2975 1052 3047 neque
1069 2949 1136 3022 illis
1159 2950 1282 3021 modus
1301 2954 1337 3022 δι

358 3087 670 3165 temperamentum
699 3066 870 3140 defuisset.
918 3071 1026 3142 Nunc
1045 3068 1209 3166 quoniam
1231 3094 1336 3142 nemo

358 3189 485 3261 eodem
513 3207 669 3283 tempore
697 3185 836 3284 adsequi
868 3187 979 3283 potest
1008 3212 1172 3284 magnam
1204 3184 1335 3261 samam

360 3309 394 3379 δι
425 3329 591 3402 magnam
624 3304 789 3401 quietem,
823 3309 918 3379 bono
947 3304 1061 3380 saeculi
1091 3305 1140 3378 sui
1173 3304 1333 3403 quisque,

359 3424 445 3497 citra
461 3423 744 3497 obtrectationem
761 3424 912 3515 alterius,
936 3447 1062 3499 utatur.

358 3580 360 3585 v
408 3544 527 3616 XLII.
557 3545 760 3618 Frurennr
798 3546 989 3618 Maternus.
1043 3547 1141 3617 Tum
1175 3543 1334 3637 Meffala:

357 3680 455 3733 erant
471 3660 595 3756 quibus
610 3662 892 3753 contradicerem,
919 3683 1013 3737 erant
1030 3665 1075 3736 de
1092 3663 1217 3760 quib'us
1233 3665 1334 3759 plura

354 3778 427 3853 dici
459 3779 600 3872 vellem,
633 3780 693 3855 nifi
720 3779 796 3878 jam
823 3780 896 3856 dies
929 3785 1012 3857 effet
1044 3785 1195 3858 exadus.
1239 3781 1328 3872 Fiet,
