3000 5144
252 117 318 190 ¹72
476 92 1048 167 ccoiiiiiiiTiciii

250 263 389 338 modicd
405 269 439 337 δι
453 266 587 363 vulgari
605 266 793 357 mentione,
819 267 914 340 nulld
930 267 963 339 in
981 263 1226 363 Vespasianum

251 384 483 458 contumelia:
515 386 599 457 nihil
625 384 772 482 prorsus,
802 385 899 482 quod
916 405 973 458 aut
990 402 1229 481 corrumperet
1284 410 1288 419 ·

250 503 400 592 hostem,
414 524 473 575 aut
490 522 638 577 terreret.
687 503 928 577 Flavianarum
942 502 1092 600 partium
1104 504 1226 594 duces,

250 620 371 695 omissa
388 622 505 718 prioris
531 621 678 696 sortunae
704 622 915 712 defensione,
943 649 1005 720 pro
1021 623 1227 719 Vespasiano

251 740 451 839 magnifice,
480 769 543 838 pro
561 747 663 815 caussa
679 742 837 831 fidenter,
862 745 906 814 de
930 743 1025 815 exitu
1045 741 1164 832 securi,
1190 741 1228 814 in

251 860 428 934 Vitellium
454 881 493 932 ut
519 860 664 950 inimici,
691 860 955 958 praesumpslere3
979 860 1066 934 fastal
1081 860 1229 936 tribunis

250 978 573 1075 centurionibusque
608 987 634 1021 “
653 979 837 1068 retinendi,
870 1007 948 1076 quae
980 979 1140 1052 Vitellius
1174 979 1227 1052 in·

254 1105 283 1141 “
301 1100 487 1187 dulsiffet‚''
512 1097 594 1194 spe:
623 1094 727 1196 atque
752 1097 864 1194 ipsum
879 1097 1058 1172 Caecinam
1074 1124 1147 1171 non
1163 1101 1227 1172 ob·

251 1218 346 1293 scure
365 1218 409 1291 ad
433 1218 664 1291 transitionem
688 1221 921 1291 hortabantur.
972 1218 1141 1292 Recitatae
1166 1243 1230 1315 pro

252 1338 419 1411 concione
444 1337 595 1434 epistolae
622 1337 786 1410 addidere
815 1337 995 1426 fiduciam,
1028 1336 1124 1435 qubd
1148 1338 1227 1412 sub·

251 1454 351 1529 misse
364 1456 515 1545 Caecina,
529 1457 623 1528 velut
637 1456 811 1529 offendere
828 1454 1069 1552 Vespasianum
1087 1456 1227 1546 timeris,

252 1573 405 1670 ipsorum
428 1576 533 1648 duces
558 1576 801 1671 contemptim,
830 1595 1009 1672 tamquam
1031 1575 1228 1650 insultantes

252 1693 409 1783 Vitellio,
437 1693 644 1788 scripsissent.
740 1704 743 1708 ’

301 1814 350 1886 Χ.
376 1817 572 1884 Anvsuru
591 1812 718 1885 deinde
733 1814 878 1886 duarum
896 1812 1090 1912 legionum,
1116 1812 1228 1912 equi-

253 1935 319 2009 bus
331 1929 467 2015 tertiam
486 1929 614 2002 Dillius
630 1931 851 2027 Aponianus,
876 1935 1034 2007 octavam
1052 1933 1231 2007 Numisius

254 2054 380 2147 Lupus
396 2050 583 2137 ducebant,
610 2050 775 2123 ostentare
801 2052 904 2140 vires,
930 2056 963 2124 dt
980 2050 1120 2125 militari
1137 2053 1232 2124 vallo

252 2171 427 2243 Veronam
461 2168 673 2242 circumdare
703 2170 841 2266 placuit.
910 2170 1014 2243 Forte
1046 2169 1229 2244 Galbianae

254 2288 384 2388 legioni
400 2288 435 2361 iri
453 2289 591 2361 adversa
607 2286 717 2362 fronte
734 2288 816 2362 valli
832 2315 919 2385 opus
943 2291 1098 2379 cesserat,
1117 2293 1151 2362 &
1169 2289 1231 2363 visi

256 2408 379 2506 procul
406 2406 576 2481 sociorum
604 2408 751 2504 equites,
778 2433 904 2481 vanam
928 2406 1168 2498 formidinem,
1193 2427 1233 2482 ut

255 2527 381 2616 hostes,
407 2524 528 2599 fecere.
580 2527 779 2622 Rapiuntur
794 2553 903 2617 arma,
931 2532 978 2617 δι,
1004 2548 1042 2601 ut
1061 2527 1231 2624 proditio·

255 2648 322 2738 nia,
346 2646 398 2719 ira
414 2647 567 2720 militum
594 2647 629 2718 in
646 2649 692 2718 T.
711 2647 882 2744 Ampium
900 2647 1107 2720 Flavianum
1132 2647 1231 2721 incu-

255 2767 345 2855 buit,
374 2768 471 2839 nullo
497 2765 648 2839 criminis
670 2787 889 2864 argument0,
918 2765 975 2840 sed
995 2765 1070 2863 jam
1095 2766 1233 2862 pridem

255 2885 396 2972 invisus,
430 2887 564 2959 turbine
593 2888 747 2982 quodam
771 2887 816 2959 ad
843 2885 987 2959 exitium
1012 2885 1229 2981 poscebatur:

259 3014 286 3049 “
306 3005 544 3102 propinquum
574 3005 717 3094 Vitellii,
746 3005 959 3102 proditorem
986 3005 1148 3094 Othonis,
1178 3004 1233 3077 in·

258 3134 287 3169 ‘⁴
307 3146 534 3221 terceptorem
563 3124 743 3196 donativi’'
779 3124 1013 3196 clamitabant.
1063 3127 1141 3197 Nec
1170 3125 1231 3197 de·

256 3245 400 3320 fensioni
417 3246 526 3330 locus,
558 3269 771 3340 quamquain
790 3243 958 3339 supplices
976 3270 1098 3317 manus
1114 3244 1234 3316 tende-

258 3385 325 3453 ret,
351 3363 449 3437 humi
466 3363 668 3459 plerumque
685 3363 822 3453 stratus,
851 3364 962 3435 lacera
977 3363 1083 3453 veste,
1113 3365 1233 3460 pestus

258 3503 362 3580 atque
386 3507 447 3557 ora
472 3482 620 3578 singultu
646 3481 827 3578 quatiens:
859 3482 897 3554 id
924 3482 1038 3581 ipsum
1061 3483 1156 3580 apud
1177 3481 1231 3555 in-
