3000 5144
434 414 966 523 HrsronrnnuntLrn.
995 414 1041 486 V.
1153 411 1238 515 '333

266 589 294 626 “
312 603 399 671 tem,
424 587 518 680 poffe
540 585 657 658 medio
680 583 875 681 intercipi.'’
924 582 1062 674 Quibus
1086 587 1240 658 obvene-

265 722 344 774 rant
360 703 468 776 castra
490 705 779 793 decumanorum,
806 703 1107 800 oppugnationem
1130 705 1240 802 legio-

265 821 318 894 nis
344 824 488 895 arduam
517 822 593 911 rati,
616 825 787 920 egressum
816 822 977 911 militem,
1006 826 1040 894 δι
1070 824 1242 896 caedendis

264 941 414 1014 materiis
430 963 627 1038 operatum,
652 943 845 1030 turbavdre,
865 939 976 1013 occiso
993 939 1156 1036 praesesto
1173 942 1243 1015 cas·

265 1080 410 1149 trorum,
436 1065 469 1133 &
488 1061 644 1157 quinque
661 1060 867 1156 primoribus
880 1059 1138 1148 centurionum,
1158 1086 1242 1156 pau·

265 1178 382 1275 cisque
400 1179 576 1252 militibus.
627 1181 742 1253 Ceteri
759 1179 791 1253 se
808 1178 1032 1252 munimentis
1045 1178 1241 1253 desendsre.

266 1301 313 1372 Et
331 1299 469 1370 interim
482 1302 739 1372 Germanorum
752 1325 874 1372 manus
888 1298 1094 1371 Batavoduri
1110 1299 1243 1372 inrum·

265 1443 345 1514 pere
367 1419 570 1491 inchoatum
588 1437 731 1514 pontem
758 1419 967 1497 nitebantur.
1017 1418 1243 1515 Ambiguum

265 1537 430 1633 proelium
448 1564 520 1609 nox
539 1537 690 1609 diremit.

313 1660 417 1731 XXI.
445 1659 545 1729 Pius
568 1654 774 1729 discriminis
798 1658 893 1753 apud
918 1656 1065 1731 Grinnes
1090 1657 1243 1730 Vadam·

265 1801 344 1873 que.
394 1778 530 1849 Vadam
543 1776 676 1865 Civilis,
694 1776 843 1848 Grinnes
858 1778 1034 1866 Clafficus,
1059 1801 1243 1875 oppugna·

265 1895 372 1968 bant:
397 1921 460 1969 nec
479 1896 543 1969 fisti
562 1916 734 1992 poterant,
755 1896 932 1968 interfedo
949 1895 1129 1969 fortissimo
1153 1922 1241 1993 quo-

266 2040 336 2112 que
346 2044 357 2101 3
377 2016 504 2114 inquis
522 2015 751 2114 Briganticus,
767 2015 947 2112 praesestus
963 2018 1041 2104 alae,
1060 2015 1242 2105 ceciderat,

264 2160 370 2232 quem
384 2137 495 2207 fidum
514 2136 698 2223 Romanis,
720 2139 753 2207 δι
766 2134 871 2207 Civili
888 2136 1059 2207 avunculo
1072 2132 1244 2207 infensum

263 2254 427 2326 diximus.
477 2256 545 2327 Sed
572 2255 633 2329 ubi
660 2254 802 2327 Cerialis
823 2278 905 2327 cum
924 2253 1054 2325 delesid
1081 2253 1242 2350 equitum

264 2399 371 2446 manu
403 2372 574 2464 subvenit,
608 2376 706 2447 versb
738 2372 888 2463 fortunas,
930 2372 1121 2471 praecipites
1153 2377 1240 2446 Ger·

263 2492 359 2564 mani
377 2492 413 2564 in
431 2519 571 2567 amnem
596 2513 759 2592 aguntur.
813 2493 946 2582 Civilis,
964 2493 1052 2564 dum
1069 2491 1242 2590 fugientes

264 2633 422 2702 retentat,
457 2613 609 2711 agnitus,
647 2609 841 2708 petitusque
866 2611 956 2699 telis,
986 2611 1105 2683 relido
1133 2637 1240 2707 equo,

264 2716 469 2805 tranatavit:
503 2733 597 2805 idem
625 2730 811 2803 Germanis
843 2728 1024 2825 effugium.
1073 2731 1243 2803 Tutorem

252 2852 519 2947 ¹Classicumque
548 2851 697 2947 adpulsae
729 2849 848 2922 lintres
876 2849 1012 2919 vexdre.
1077 2849 1241 2921 Netum

263 2970 408 3067 quidem
427 2974 589 3043 Romana
612 2970 719 3042 claffis
748 2994 876 3067 pugnae
904 2965 1026 3054 adfuit,
1051 2985 1090 3038 ut
1108 2964 1240 3062 jussum

264 3109 354 3161 erat:
381 3086 438 3160 sed
460 3090 593 3162 obstitit
611 3089 776 3177 formid0‚
797 3093 830 3161 δι
849 3088 998 3184 remiges
1015 3111 1077 3183 per
1092 3086 1158 3158 alia
1174 3086 1239 3158 mi·

263 3207 346 3280 litiae
365 3207 483 3280 munia
504 3206 654 3305 disperfi.
702 3207 789 3279 Sane
806 3206 945 3280 Cerialis
963 3231 1085 3303 parum
1102 3225 1239 3301 tempo·

262 3327 307 3399 ris
331 3328 376 3398 ad
394 3325 611 3423 exsequenda
626 3327 770 3423 imperia
784 3328 905 3411 dabat;
933 3324 1060 3397 subitus
1076 3323 1237 3412 consiliis,

260 3445 319 3520 sed
336 3466 461 3519 eventu
474 3447 595 3518 clarus.
646 3448 778 3518 Aderat
795 3444 945 3532 fortuna,
960 3443 1063 3515 etiam
1080 3442 1141 3515 ubi
1152 3462 1238 3538 artes

260 3565 467 3638 defuissent:
487 3564 567 3638 hinc
585 3564 644 3662 ipsi
657 3563 893 3659 exercituique
910 3564 1026 3634 minor
1043 3586 1125 3632 cura
1137 3560 1237 3633 disei-

263 3684 381 3781 plinae.
434 3688 480 3756 Et
498 3710 625 3781 paucos
650 3683 725 3781 post
751 3683 838 3770 dies,
862 3704 1075 3777 quamquam
1103 3679 1236 3774 pericu·

263 3806 337 3876 lum
356 3802 565 3902 captivitatis
582 3803 747 3892 evafiiset,
766 3798 944 3874 infamiam
959 3824 1031 3872 non
1047 3797 1176 3871 vitavit.
