3000 5144
440 566 834 643 Hrsronrnnunt
867 571 975 643 Lrn.
1005 550 1111 643 ΙΙΙ(
1168 592 1234 668 ¹95

263 735 345 813 fidei
381 740 564 815 obstinatio
592 740 667 814 suit.
715 742 864 839 Integris
898 769 1038 840 quoque
1066 745 1179 832 rebus,
1212 768 1235 816 a

260 857 415 947 Caecinfi,
439 864 472 933 δι
494 859 700 956 primoribus
716 862 878 956 partium,
900 860 974 957 jam
991 862 1171 935 Vitellium
1187 861 1236 934 as·
1276 882 1279 887 ·

261 976 498 1073 pernantibus,
518 978 680 1067 ambitus,
707 982 855 1053 abnuere
872 978 1097 1076 perseveravit
1112 1009 1122 1065 ;
1140 979 1236 1052 sanc·

262 1115 332 1184 tus,
346 1096 555 1185 inturbidus,
570 1096 694 1169 nullius
711 1097 878 1193 repentini
893 1098 1043 1187 honoris,
1062 1095 1149 1171 adei>
1165 1124 1236 1169 non

263 1214 476 1311 principatus
503 1216 692 1312 adpetens:
724 1241 849 1312 parum
876 1218 1058 1314 effugerat,
1090 1243 1134 1289 ne
1157 1216 1236 1315 dig-

263 1359 328 1408 nus
344 1335 552 1407 crederetur.

307 1455 390 1526 XL.
415 1456 564 1527 anrus
593 1452 729 1526 interim
755 1456 896 1544 Valens,
927 1455 1038 1527 multo
1067 1478 1107 1528 ac
1136 1455 1234 1528 molli

263 1573 539 1646 concubinarum
591 1571 856 1671 spadonumque
901 1574 1055 1671 agmine,
1103 1573 1238 1671 segnius

264 1692 371 1788 quam
395 1694 440 1764 ad
458 1693 590 1764 bellum
614 1690 791 1780 incedens,
821 1700 848 1735 “
868 1693 1039 1790 proditam
1056 1719 1076 1766 a
1096 1693 1238 1766 Lucilio

266 1818 293 1854 “
311 1812 409 1883 Basso
429 1814 672 1884 Ravennatem
696 1812 857 1883 claffem”
882 1812 1079 1909 pernicibus
1108 1811 1239 1886 nuntiis

263 1930 406 2027 accepit.
458 1932 518 2020 Et,
544 1932 567 2001 sr
594 1950 751 2025 coeptum
780 1931 845 2003 iter
869 1934 1088 2027 properasset,
1113 1951 1238 2003 nutan-

264 2068 335 2122 tem
348 2049 523 2123 Caecinam
543 2048 746 2145 praevenire,
763 2070 837 2138 aut,
854 2070 932 2123 ante
949 2050 1129 2122 discrimen
1149 2075 1239 2148 pug-

263 2196 330 2260 nae,
349 2167 488 2264 adsequi
512 2168 665 2269 legiones
685 2168 854 2265 potuisset.
904 2170 982 2241 Nec
1004 2170 1157 2257 deerant,
1177 2168 1239 2266 qui

263 2309 457 2375 monetent,
487 2294 570 2359 “ut
594 2313 677 2361 cum
700 2287 877 2377 fidissimis,
906 2313 966 2383 per
990 2289 1144 2361 occultos
1167 2306 1238 2360 tra·

265 2415 294 2452 “
314 2407 428 2496 mites,
447 2405 551 2478 vitatl
566 2408 753 2496 Ravennl,
775 2406 961 2485 Hostiliam
986 2407 1240 2480 Cremonamve

265 2534 293 2571 “
312 2510 507 2625 pergeret.''
557 2525 645 2596 Aliis
675 2527 848 2622 placebat,
876 2526 1039 2599 “accitis
1065 2552 1110 2599 ex
1138 2528 1240 2600 Urbe

266 2636 296 2689 ‘s
313 2644 477 2742 praetoriis
494 2644 707 2733 cohortibus,
725 2644 839 2716 valida
856 2671 962 2717 manu
985 2647 1239 2741 permmpere.”

264 2764 353 2861 lpse,
382 2764 494 2837 inutili
519 2763 751 2853 cunslatione,
774 2763 900 2860 agendi
925 2784 1084 2859 tempora
1103 2763 1241 2836 consul·

265 2884 372 2956 tando
398 2881 631 2979 consumpsit:
662 2908 746 2954 mox
780 2902 969 2978 utrumque
994 2880 1170 2953 confilium
1187 2880 1239 2953 as-

266 3021 440 3098 pernatus,
454 3004 550 3098 quod
563 3002 650 3074 inter
665 3001 828 3098 ancipitia
839 3000 1060 3073 deterrimum
1078 2999 1139 3089 est,
1151 3001 1239 3074 dunt

264 3121 380 3195 media
396 3119 561 3218 sequitur,
580 3147 643 3194 nec
659 3117 755 3192 ausus
769 3120 817 3192 est
832 3118 921 3209 satis,
948 3145 1011 3192 nec
1034 3119 1196 3217 providit.

315 3242 415 3313 XLI.
440 3243 579 3314 Mrssrs
604 3241 646 3312 ad
665 3239 844 3311 Vitellium
864 3239 981 3328 literis,
1003 3247 1029 3297 ‘-‘
1047 3239 1239 3312 auxilium”

266 3360 425 3457 postulat.
474 3360 610 3431 Venere
631 3380 698 3430 tres
727 3359 899 3445 cohortes,
924 3384 1007 3430 cnm
1030 3360 1084 3431 alal
1103 3357 1238 3429 Britan-

266 3478 359 3569 nica,
387 3503 501 3575 neque
528 3479 573 3549 ad
589 3475 780 3550 fallendum
796 3495 896 3572 aptus
922 3502 1098 3566 numerus,
1126 3502 1240 3574 neque

263 3598 308 3670 ad
335 3597 599 3695 penetrandum.
649 3598 716 3669 Sed
741 3598 881 3682 Valens,
905 3619 949 3666 ne
977 3595 1012 3667 in
1041 3615 1137 3667 tanto
1162 3596 1240 3692 qui·

267 3716 348 3788 dem
373 3715 581 3803 discrimine,
607 3715 746 3789 infamiis
771 3714 892 3803 caruit,
919 3713 1107 3811 quominus
1124 3738 1241 3810 rapere

267 3834 413 3908 inlicitas
435 3837 645 3930 voluptates,
674 3832 916 3930 adulteriisque
944 3859 985 3906 ac
1012 3830 1135 3928 stupris
1164 3832 1241 3928 pol·

267 3957 361 4030 luere
378 3954 551 4054 hospitum
567 3955 694 4027 domus
711 3954 929 4026 crederetur:
953 3952 1094 4026 aderant
1111 3950 1177 4045 vis,
1206 3954 1240 4026 δι

712 4072 747 4142 0
772 4095 793 4143 a
