3000 5144
449 556 840 631 Hrsronrnnun
877 559 986 635 Lra.
1021 561 1085 633 111.
1161 583 1229 657 203

259 742 440 825 tamquam
467 728 595 825 majora
610 730 786 819 meritum,
810 731 917 828 quim
934 757 1012 830 quae
1038 730 1150 805 statim
1173 754 1234 804 ex·

261 845 495 919 solverentur:
526 873 590 921 nec
618 849 811 946 quidquam
836 851 926 921 ultra
953 850 1105 923 traditur.
1166 853 1234 923 Ce-

261 966 390 1053 terum,
417 970 450 1038 δι
469 966 639 1062 prioribus
655 968 785 1041 civium
802 967 915 1058 bellis,
946 990 1008 1064 par
1024 967 1131 1042 scelus
1149 968 1234 1042 inci·

261 1085 379 1157 derat:
407 1110 488 1156 nam
519 1084 658 1181 proelio,
682 1108 753 1182 quo
779 1088 871 1183 apud
896 1086 1093 1182 Janic'ulum
1114 1088 1235 1159 adver·

262 1203 319 1275 sus
335 1203 486 1277 Cinnam
504 1226 698 1301 pugnatum
716 1205 779 1294 est,
798 1205 1031 1302 Pompeianus
1048 1207 1145 1279 miles
1170 1205 1235 1278 fta·

262 1341 351 1394 trem
370 1321 484 1411 suum,
503 1323 598 1413 dein,
625 1324 767 1420 cognito
784 1323 948 1414 facinore,
966 1323 1111 1421 seipsum
1132 1324 1236 1397 inter·

263 1438 358 1530 fecit,
383 1462 420 1513 ut
438 1440 576 1514 Sisenna
593 1464 784 1515 memorat:
815 1442 910 1515 tantb
927 1442 1036 1516 acrior
1052 1444 1147 1542 apud
1162 1469 1237 1517 ma·

255 1557 362 1658 jores‚
381 1566 463 1634 sicut
480 1559 663 1634 virtutibus
681 1563 804 1658 gloria,
821 1561 870 1635 ita
888 1561 1027 1659 flagitiis
1040 1562 1237 1659 penitentia

262 1678 337 1752 fuit.
385 1681 452 1753 Sed
478 1683 553 1752 haec
576 1680 711 1777 aliaque
733 1706 778 1752 ex
797 1680 903 1754 veteri
928 1679 1094 1754 memori&
1116 1681 1235 1777 petita,

263 1798 422 1895 quotiens
454 1826 507 1872 res
532 1798 695 1896 locusque
722 1802 885 1896 exempla
906 1800 1003 1890 redi,
1031 1820 1091 1872 aut
1119 1799 1237 1872 solatia

263 1917 346 1990 mali
363 1917 491 2014 poscet,
510 1919 604 1990 haud
621 1915 765 1990 absurde
783 1918 1065 2017 memorabimut.

310 2039 391 2109 LII.
427 2044 617 2111 Auronro
647 2035 862 2133 ducibusque
892 2037 1055 2134 partium,
1091 2045 1118 2080 “
1145 2064 1233 2134 prae·

262 2162 290 2199 “
308 2156 397 2229 mitti
425 2155 569 2253 equites,
594 2180 806 2252 omnemque
830 2156 1017 2229 Umbriam
1042 2156 1237 2252 explorari''

263 2275 406 2372 placuit,
438 2279 506 2348 “fi
530 2275 600 2372 qua
623 2275 799 2371 Apennini
819 2273 908 2372 juga
929 2274 1132 2348 clementius
1163 2278 1236 2352 adi-

264 2400 293 2437 “
313 2415 449 2467 rentur:
492 2392 592 2467 acciti
623 2393 755 2490 aquilas
790 2398 965 2492 signaque,
998 2400 1031 2467 a:
1064 2395 1239 2493 quidquid

262 2518 291 2557 “
310 2517 459 2587 Veronae
477 2512 626 2586 militum
642 2511 750 2584 soret:
770 2514 1020 2610 Padumque&
1035 2540 1238 2588 marecom·

264 2634 478 2707 “meatibus
505 2631 707 2728 completi.”
774 2635 883 2705 Erant
911 2631 998 2704 inter
1024 2632 1143 2726 duces,
1176 2634 1238 2731 qui

263 2755 437 2827 nesterent
469 2776 605 2824 moras:
634 2750 766 2847 quippe
794 2749 919 2823 nimius
941 2748 1018 2845 jam
1047 2751 1235 2842 Antonius,

263 2878 298 2948 &
331 2874 474 2947 certiora
505 2896 549 2943 ex
585 2869 757 2944 Muciano
789 2868 1022 2967 sperabantur.
1071 2872 1238 2969 Namque

262 2992 465 3080 Mucianus,
496 3010 567 3062 tam
592 2989 694 3062 celeri
712 2989 855 3062 victorii
875 2989 1013 3079 anxius,
1042 2989 1079 3060 δι
1097 2990 1132 3062 ni
1150 3014 1237 3087 prte-

262 3110 336 3188 sens
366 3115 468 3185 Urbe
491 3109 666 3207 potiretur,
689 3128 869 3205 expertem
893 3106 926 3179 se
949 3107 1031 3182 belli
1050 3109 1237 3207 gloriaeque

261 3252 366 3319 ratus,
396 3232 440 3303 ad
468 3229 625 3302 Primum
649 3232 682 3300 δι
707 3231 839 3300 Varum
868 3227 982 3301 media
1009 3227 1235 3324 scriptitabat,

264 3351 516 3422 “instandum
557 3348 720 3444 coeptis,''
756 3366 814 3419 aut
854 3344 963 3419 rursus
997 3348 1236 3420 “cunctandi

264 3475 293 3512 “
311 3469 497 3543 utilitates'’
525 3469 728 3552 ediffetens3
754 3485 858 3563 atque
878 3466 924 3537 ita
951 3469 1173 3562 compositus,
1198 3488 1238 3538 ur

263 3612 307 3662 ex
331 3608 458 3661 eventu
481 3612 596 3660 rerum
622 3585 759 3659 adversa
786 3589 964 3673 abnueret,
993 3586 1049 3656 vel
1079 3584 1238 3681 prospera

262 3708 469 3806 agnosceret.
529 3705 684 3778 Plotium
703 3705 892 3801 Griphum,
918 3727 1029 3798 nuper
1046 3706 1090 3776 ab
1108 3702 1235 3800 Vespa⁴

263 3830 353 3900 siano
368 3828 404 3898 in
426 3826 631 3899 senatorium
655 3824 813 3897 ordinem
838 3821 1012 3909 additum,
1040 3847 1080 3895 ac
1106 3822 1237 3921 legioni

263 3950 495 4044 praepositum,
530 3941 725 4043 ceterosque
757 3942 818 4016 fibi
838 3943 948 4031 sidos,
981 3940 1130 4039 apertius
1159 3963 1235 4017 mo·
