3000 5144
260 556 327 627 282
449 551 492 624 C.
532 551 796 624 Contracta
838 550 1036 626 Tncrrt

258 728 371 802 statim
401 729 642 801 obtruncatur:
679 755 743 801 nec
771 727 883 801 multi)
907 727 996 824 post,
1021 722 1099 797 Piso
1127 723 1238 797 inter-

259 847 384 919 ficitur.
439 848 604 943 Namque
645 848 775 936 aderat,
808 848 868 943 qui
902 845 1066 933 nosceret,
1107 843 1238 917 Bebius

258 967 387 1052 Massa,
414 988 434 1035 e
451 965 731 1059 procuratoribus
748 963 888 1053 Africa,
907 963 981 1061 jam
997 983 1080 1035 tunc
1097 962 1237 1058 optimo

261 1084 388 1180 cuique
403 1082 575 1173 exitiosus,
602 1088 634 1157 dc
652 1083 687 1154 in
705 1083 818 1157 causas
839 1084 1022 1171 malonrm,
1051 1107 1130 1178 quae
1146 1105 1236 1153 mox

260 1201 417 1288 tulimus,
445 1199 567 1297 saepius
583 1201 765 1273 rediturus.
807 1201 924 1274 Festus
942 1203 1152 1287 Adrumeto,
1173 1198 1237 1272 ubi

261 1320 537 1417 speculabundus
561 1318 760 1407 substiterat,
788 1321 832 1392 ad
850 1322 1024 1417 legionem
1041 1318 1234 1407 contendit,

261 1438 531 1537 praefeslumque
543 1437 742 1526 castrorum,
756 1439 957 1511 Cetronium
968 1437 1143 1526 Pisanum,
1155 1437 1236 1535 vin7

262 1557 323 1631 ciri
345 1554 451 1652 jnffit,
479 1554 631 1650 proprias
660 1558 707 1628 ob
734 1559 942 1643 stmultates3
967 1556 1025 1629 sed
1051 1564 1077 1599 “
1104 1554 1238 1629 Pisonis

264 1684 291 1720 “
310 1673 510 1747 satellitem'’
539 1676 709 1746 vocabat:
742 1675 933 1772 militesque
961 1675 1239 1747 &centuriones

263 1793 433 1892 quosdam
461 1790 586 1888 puniit,
611 1793 695 1864 alios
713 1793 861 1888 praemiis
888 1792 1040 1867 adfecit:
1073 1812 1237 1865 neutrum

263 1941 309 1987 ex
333 1912 471 2000 merito,
500 1909 557 1983 sed
585 1929 624 1983 ut
651 1913 843 2006 oppreffill'e
871 1912 1003 1983 bellum
1031 1910 1236 1984 crederetur.

263 2035 358 2108 Mox
374 2032 560 2104 Oeensium
578 2029 915 2126 Leptitanorumque
930 2028 1114 2103 discordias
1136 2054 1236 2102 com·

264 2150 378 2248 ponit,
396 2174 487 2245 quae,
508 2167 610 2244 raptu
625 2145 769 2244 frugum
788 2153 821 2220 &
838 2173 1005 2245 pecorum
1022 2148 1110 2220 inter
1125 2147 1240 2245 agres-

264 2286 330 2355 tes,
358 2266 503 2339 modicis
519 2265 710 2361 principiis,
733 2264 809 2360 jam
829 2291 998 2361 perarma
1018 2286 1123 2364 atque
1147 2267 1239 2340 acies

265 2386 523 2459 exercebantur.
559 2385 654 2455 Nam
668 2386 816 2480 populus
832 2387 985 2476 Oeensrs,
1012 2385 1236 2460 multitudine

267 2502 420 2592 inferior,
448 2504 672 2575 Garamantas
700 2503 889 2592 exciverat,
917 2524 1055 2602 gentem
1084 2504 1237 2578 indomi-

267 2645 354 2711 tam,
375 2627 408 2695 &
428 2621 515 2694 inter
529 2622 664 2694 accolas
684 2621 867 2694 latrociniis
883 2620 1080 2695 secundam.
1129 2624 1239 2695 Unde

268 2745 369 2817 ardre
386 2740 578 2837 Leptitanis
606 2765 671 2829 res,
701 2742 838 2836 latr‘zque
860 2740 995 2813 vastatis
1021 2740 1124 2839 agris,
1150 2741 1241 2813 intra

268 2861 398 2935 rnoenia
425 2860 665 2955 trepidabant:
696 2860 808 2932 donec
827 2859 1019 2932 interventu
1043 2859 1240 2933 cohortium

266 2982 466 3076 alarumque
483 2977 544 3051 fusr
556 2982 794 3066 Garamantes,
813 2983 846 3050 &
865 2999 1001 3074 recepta
1019 2979 1132 3050 omnis
1150 3004 1238 3073 prae·

268 3101 327 3187 cla,
353 3097 413 3169 nist
440 3124 544 3194 quam
571 3096 650 3192 vagi
668 3121 727 3192 per
750 3095 914 3169 inaccessa
942 3098 1130 3195 mapalium
1152 3098 1238 3172 ulte·

269 3217 416 3290 rioribus
434 3215 670 3287 vendiderant.

319 3338 382 3408 Ll.
408 3341 467 3407 Ar
496 3334 709 3431 Vespafiano,
741 3335 817 3430 post
846 3334 1113 3408 Cremonensem
1148 3362 1239 3435 pug-

269 3482 365 3542 nam,
380 3459 413 3527 δι
432 3453 607 3549 prosperos
625 3454 779 3548 undique
795 3454 945 3542 nuntios,
967 3462 993 3496 “
1007 3456 1162 3528 cecidisse
1175 3457 1237 3528 Vi·

273 3584 300 3618 “
318 3573 490 3661 tellium,''
515 3573 616 3644 multi
643 3571 803 3670 cujusque
831 3575 970 3662 ordinis,
1002 3576 1074 3671 pari
1097 3577 1241 3650 audacis

271 3695 475 3787 fortunisque
503 3691 686 3764 hibernum
712 3717 807 3764 mare
833 3694 990 3789 adgressi,
1027 3695 1241 3769 nuntiardre.

274 3814 430 3884 Aderant
446 3809 549 3904 legati
562 3809 650 3906 regis
667 3812 803 3907 Vologe
817 3841 841 3898 1,
868 3819 894 3853 “
913 3813 1142 3909 quadraginta
1158 3817 1240 3887 Par·

274 3938 301 3975 “
319 3933 458 4002 thorum
471 3929 625 4023 equitum
638 3928 768 4003 millia''
786 3931 977 4006 offerentes.
1006 3933 1244 4032 Magnificum
