3000 5144
360 554 1001 627 Hrsronranuanrr.l·ll.
1107 575 1171 648 ¹97

204 726 334 797 lentem
364 726 509 797 comiter
537 747 736 821 exceptum,
785 734 812 768 “
832 753 875 798 ne
903 725 1051 798 Galliam
1081 726 1173 795 Nar-

204 852 231 886 “
251 842 435 918 bonensem
465 865 591 916 temere
618 846 873 941 ingrederetur”
901 845 1075 915 monendo
1104 864 1169 914 ter-

201 962 295 1035 ruit:
325 963 422 1034 simul
439 984 631 1034 ceterorum
661 965 746 1035 fides
767 985 862 1035 metu
879 963 1046 1035 infracta:
1074 988 1171 1034 nam·

204 1105 274 1176 que
319 1079 549 1175 circumjecms
589 1081 743 1154 civitates
780 1101 980 1178 procurator
1019 1079 1173 1150 Valerius

203 1199 390 1287 Paullinus,
408 1200 561 1271 strenuus
578 1200 721 1289 militiae,
741 1206 774 1273 ὃι
792 1200 993 1296 Vespasiano
1010 1220 1088 1272 ante
1104 1197 1172 1270 sor·

202 1339 322 1389 tunam
343 1318 487 1406 amicus,
516 1319 552 1389 in
575 1322 680 1392 verba
696 1318 765 1416 ejus
782 1321 954 1415 adegerat.

248 1438 385 1508 XLIII.
410 1439 688 1523 Concrrrsan
717 1439 892 1525 omnibus,
920 1438 979 1534 qui
1008 1439 1170 1510 exaudio-

201 1555 264 1627 rati
290 1581 310 1626 a
339 1555 481 1627 Vitellio
510 1557 642 1628 bellum
669 1557 788 1652 sponte
812 1556 1001 1643 sumebant,
1027 1554 1170 1652 Foroju-

202 1671 341 1745 Iiensem
369 1674 556 1761 coloniam,
580 1677 723 1747 claustra
747 1675 1172 1771 maris,praes1di0tueba·

202 1812 279 1876 tur3
307 1792 348 1864 eb
366 1793 501 1890 gravior
525 1795 656 1882 auctor,
689 1793 783 1890 quod
801 1794 959 1867 Paullino
978 1793 1083 1890 patria
1105 1796 1173 1865 Fo-

199 1935 279 1983 rum
305 1912 402 2005 Julii,
434 1917 467 1986 &
494 1914 605 1984 honos
632 1914 724 2008 apud
755 1913 986 2008 praetorianos,
1020 1938 1172 2009 quorum

133 2124 135 2128 μ
201 2032 380 2127 quondam
398 2032 555 2104 tribunus
571 2031 688 2104 suerat.
738 2034 874 2128 Ipsique
892 2030 1031 2128 pagani,
1056 2030 1172 2102 favore

199 2149 415 2245 municipali,
441 2157 474 2224 δι
500 2151 623 2223 sutura
642 2151 803 2246 potentiae
832 2148 903 2246 spe,
923 2148 1045 2245 juvare
1063 2170 1173 2244 partes

198 2269 462 2341 adnitebantur:
493 2296 570 2365 quae
586 2270 646 2341 ubi
675 2290 793 2365 paratu
810 2271 924 2355 firma,
950 2274 982 2339 ἃ
1001 2270 1099 2340 aucta
1116 2294 1172 2339 ru·

202 2413 312 2475 more,
340 2389 434 2483 apud
451 2388 562 2460 varios
582 2387 843 2460 Vitellianorum
861 2389 995 2460 animos
1012 2387 1173 2460 increbu-

199 2506 278 2591 ere;
299 2507 425 2580 Fabius
437 2509 561 2580 Valens
578 2533 659 2579 cum
672 2527 820 2603 quatuor
836 2507 1118 2602 speculatoribus,
1138 2511 1173 2579 δι

198 2624 306 2697 tribus
322 2627 453 2714 amicis,
479 2626 623 2698 totidem
641 2626 912 2712 centurionibus,
936 2628 980 2697 ad
999 2651 1101 2717 naves
1119 2651 1169 2698 re·

201 2745 379 2841 greditur:
408 2749 565 2833 Maturo,
582 2742 768 2841 ceterisque
786 2769 972 2831 remanere,
991 2749 1023 2814 δι
1043 2745 1076 2816 in
1095 2770 1172 2817 ver-

199 2866 243 2936 ba
262 2861 452 2961 Vespasiani
480 2863 574 2960 adigi
598 2863 796 2936 volentibus
819 2861 896 2934 suit.
946 2862 1106 2933 Ceterum
1132 2884 1172 2933 ut

198 3008 294 3054 mare
321 2980 427 3054 tutius
444 2981 595 3070 Valenti,
622 2982 728 3078 quam
752 2981 863 3070 litora,
890 3001 948 3052 aut
973 2983 1094 3065 urbes;
1124 2981 1172 3052 ita

199 3101 305 3175 futuri
322 3101 521 3199 ambiguus,
541 3106 574 3173 bc
594 3101 706 3197 magis
724 3100 809 3196 quid
834 3102 971 3187 vitaret,
990 3100 1097 3195 quiam
1115 3099 1171 3171 cui

201 3223 335 3311 fideret,
349 3243 472 3308 ceatur,
486 3223 627 3292 adversa
640 3220 841 3314 tempestate
853 3221 1064 3307 Stoechadas,
1079 3218 1173 3290 Mas-

203 3340 383 3413 siliensium
400 3338 536 3427 insulas,
555 3340 715 3410 affertur:
737 3337 786 3409 ibi
804 3362 884 3409 eum
902 3336 1007 3409 missae
1032 3363 1052 3407 a
1068 3339 1172 3409 Paul·

202 3459 273 3530 lino
286 3458 466 3531 liburnica
484 3456 690 3554 oppressere.

248 3580 381 3651 XLIV.
408 3580 543 3650 Capro
557 3578 716 3662 Valente,
733 3576 857 3646 consta
873 3575 916 3645 ad
935 3574 1072 3646 visloris
1089 3601 1172 3670 opes
1211 3596 1215 3605 “

200 3695 377 3786 conversa,
405 3697 501 3769 initio
527 3722 587 3792 per
603 3693 845 3789 Hispaniama
869 3692 979 3788 primia
997 3693 1172 3787 Adiutrice

201 3818 338 3914 legione
368 3836 457 3903 orto,
487 3842 563 3911 quae
587 3812 754 3885 memoria
775 3811 938 3900 Othonis,
964 3809 1094 3884 insensa
1111 3815 1171 3883 Vi-

199 3936 310 4029 tellio,
335 3934 508 4011 decimam
537 3956 678 4032 quoque
705 3956 745 4003 ac
778 3931 909 4004 sextam
932 3931 1046 4008 traxit.
1095 3932 1174 4007 Nec

671 4051 706 4125 0
731 4075 751 4148 3
