3000 5144
259 524 262 527 ·
359 498 764 576 Hrsronrnnnn
797 505 905 575 Lrn.
939 502 968 575 1.
1113 513 1158 601 45

197 678 290 773 apud
307 675 437 749 severos
455 676 605 750 humilis.
646 680 707 749 ·Ita
732 677 929 749 comitatem
952 674 1160 748 bonitatem-

196 821 265 893 que
278 795 431 867 saventes
446 798 628 885 vocabant,
651 795 747 891 quiid
765 799 832 867 srne
848 797 969 883 m0d0‚
989 798 1055 866 sme
1066 794 1160 891 judi-¹

196 916 265 1002 cio,
294 916 438 986 donaret
456 914 526 1002 sua,
555 914 734 1010 largiretur
750 914 882 985 aliena:
915 915 1026 1000 simul,
1052 913 1162 985 avidi-

196 1052 266 1103 tate
283 1030 490 1127 imperandi,
521 1029 590 1127 ipsa
616 1030 699 1103 vitia
716 1057 778 1127 pro
795 1031 981 1103 virtutibus
998 1031 1161 1126 interpre-

194 1153 363 1222 tabantur.
414 1149 523 1222 Multi
548 1149 582 1221 in
607 1169 757 1245 utroque
792 1149 941 1221 exercitu
973 1152 1056 1221 ficut
1086 1175 1161 1221 mo·

194 1267 280 1339 desti
308 1267 498 1363 quietique,
522 1267 568 1339 ita
592 1269 672 1339 mali
703 1273 736 1339 &
759 1267 905 1339 strenui:
936 1266 993 1339 sed
1022 1267 1162 1363 prosus&

195 1386 373 1482 cupidine,
404 1390 438 1457 δι
468 1386 591 1482 insigni
614 1385 817 1472 temeritate,
847 1385 949 1483 legati
968 1385 1159 1483 legionum,

200 1504 346 1577 Alienus
363 1503 517 1591 Caecina,
545 1508 578 1576 ὅτ
595 1504 721 1576 Fabius
738 1506 886 1576 Valens:
914 1529 934 1576 e
956 1505 1081 1600 quibus
1093 1509 1162 1576 Va·

197 1625 283 1710 lens,
297 1621 446 1694 infensus
464 1623 600 1710 Galbae,
614 1643 797 1718 tamquam
809 1623 978 1694 detestam
991 1648 1011 1695 a
1027 1621 1060 1694 se
1076 1626 1162 1695 Ver·

197 1741 283 1838 ginii
312 1739 582 1828 cunctationem,
617 1742 773 1835 oppreffa
805 1741 982 1835 Capitonis
1010 1741 1161 1830 consilia,

195 1858 326 1957 ingrate
343 1858 482 1947 tulisset,
500 1857 660 1954 instigare
670 1858 863 1946 Vitellium,
879 1866 907 1901 “
921 1860 1079 1932 ardorem
1097 1861 1163 1933 mi·

196 1985 225 2019 “
243 1978 371 2050 litum’'
400 1977 582 2050 ostentans.
633 1984 660 2018 “
679 1975 794 2071 Ipsum
813 1977 938 2049 celebri
966 1977 1095 2074 ubique
1112 1977 1162 2050 sa-

198 2102 225 2138 “
244 2099 320 2168 nra:
349 2097 480 2168 nullam
499 2096 535 2167 in
552 2097 677 2167 Flacco
695 2095 904 2168 Hordeonio
923 2122 1076 2169 moram:
1101 2101 1162 2171 ad·

198 2221 225 2256 “
243 2212 316 2287 sore
330 2213 559 2287 Britanniam:
579 2213 731 2286 secutura
742 2216 996 2287 Germanorum
1013 2217 1159 2290 auxilia:

197 2339 225 2374 ‘⁴
245 2332 334 2404 male
359 2334 444 2405 fidas
474 2331 693 2427 provincias:
720 2333 908 2427 precarium
933 2334 1001 2407 seni
1025 2335 1161 2431 imperi-

199 2460 225 2493 “
242 2478 316 2541 um,
344 2450 499 2524 &brevi
525 2455 760 2523 transiturum:
794 2454 960 2548 panderet
989 2456 1096 2527 modi>
1123 2463 1162 2531 sr-

200 2577 227 2614 “
245 2595 344 2658 num,
375 2574 408 2641 &
438 2568 588 2640 venienti
610 2567 757 2643 fortunae
781 2593 981 2644 occurreret.
1030 2576 1162 2648 Merito

200 2697 227 2730 “
244 2689 411 2762 dubitasse
443 2688 662 2785 Verginium,
689 2689 837 2785 equestri
871 2690 1013 2782 familial,
1042 2694 1163 2791 ignoto

200 2815 228 2850 “
245 2828 364 2904 patre:
396 2806 581 2901 imparem,
613 2809 634 2877 sr
661 2807 842 2901 'recepisset
867 2807 1078 2905 imperium:
1108 2835 1162 2886 tu·

199 2934 226 2968 “
245 2947 335 3014 tum,
373 2928 394 2997 sr
424 2924 608 2997 recusaffet.
658 2925 797 2996 Vitellio
823 2947 890 2998 tres
919 2928 1021 3022 patris
1043 2930 1162 3003 consu-

199 3046 342 3133 “latus,
374 3043 562 3130 censuram,
598 3043 783 3138 collegium
811 3044 961 3134 Caesaris,
991 3052 1023 3117 δι
1052 3049 1163 3144 impo-

201 3170 228 3204 “
249 3188 329 3234 nere
350 3161 559 3259 jampridem
594 3163 812 3256 Imperatoris
845 3163 1096 3259 dignationem,
1129 3173 1163 3238 δι

201 3278 374 3353 “auferre
404 3279 529 3375 privati
553 3278 801 3351 securitatem.”
862 3282 1089 3376 Qatiebatur
1113 3286 1164 3359 his

198 3397 300 3496 segne
330 3398 525 3496 ingenium,
553 3420 591 3470 ut
614 3395 867 3493 concupisceret
896 3400 1020 3496 magis,
1056 3404 1163 3498 quam

149 3514 153 3521 ’
195 3536 234 3588 ut
250 3516 408 3613 speraret.

247 3637 345 3707 Llll.
372 3640 430 3707 Ar
450 3635 485 3707 in
514 3635 680 3731 superiore
707 3635 905 3721 Germanirl,
933 3636 1083 3729 Caecina,
1103 3643 1163 3713 de·

196 3755 275 3824 cora
295 3751 453 3849 juvenili,
479 3779 622 3849 corpore
646 3755 780 3850 ingens,
810 3753 916 3824 animi
942 3754 1165 3849 immodicus,

194 3868 280 3945 scito
305 3870 473 3965 sermone,
503 3875 615 3946 eresto
643 3872 783 3961 incess'n,
811 3871 923 3945 studia
945 3873 1094 3949 militum
1111 3877 1163 3950 in·
