3000 5144
365 546 435 623 206
566 541 1151 621 beonnamtacm

359 720 452 792 uitro
468 723 496 760 “
513 719 741 814 corruptum’'
756 718 938 816 arguenti3
963 725 990 762 “
1008 717 1336 816 quandoquidem,”

357 835 484 934 inquit,
512 843 689 934 “magno
712 837 925 911 documento
953 864 1041 937 opus
1069 839 1130 927 est,
1160 863 1225 911 nec
1247 838 1335 913 alius

359 954 474 1053 “jam
502 954 565 1028 tibi
591 974 651 1028 aut
667 954 761 1045 vitae,
786 976 846 1028 aut
869 956 990 1030 mortis
1015 981 1104 1030 tneae
1119 954 1211 1046 usus,
1241 957 1336 1032 dabo

359 1082 387 1119 “
405 1074 462 1147 cui
478 1075 597 1146 credas
612 1075 649 1146 :''
665 1093 771 1172 atque
782 1074 829 1148 ita
844 1074 1021 1173 digteffus,
1035 1075 1228 1148 voluntaria
1242 1100 1335 1148 mor-

358 1215 393 1267 te
409 1195 502 1267 dieta
526 1192 689 1266 firmavit.
738 1194 894 1293 Qidam
918 1193 1051 1291 “juffu
1074 1193 1203 1268 Vitellii
1228 1194 1336 1267 inter·

361 1319 389 1356 “
407 1311 536 1385 fedum
548 1314 586 1399 ;'’
617 1313 662 1386 de
689 1313 760 1386 fide
788 1312 1048 1412 constantiique
1076 1314 1200 1391 eadem
1228 1313 1336 1388 tradi·

358 1431 451 1507 dere.

406 1554 487 1625 LV.
512 1553 749 1641 Vatrenus,
766 1552 1135 1644 utesommextitut,
1152 1559 1181 1597 “
1197 1551 1336 1649 Julium

361 1679 389 1716 “
406 1670 575 1760 Priscum,
606 1677 639 1745 δι
659 1673 864 1768 Alphenum
888 1677 1032 1764 Varum,
1062 1700 1145 1747 curn
1169 1692 1335 1770 quatuor-

361 1797 391 1835 “
407 1790 522 1864 decim
540 1789 707 1887 praetoriis
723 1791 935 1882 cohortibus,
951 1793 1159 1867 &omnibus
1174 1791 1335 1888 equitum

361 1915 389 1954 ‘⁴
407 1909 468 1983 alis
485 1910 639 1983 obfidere
651 1909 905 2007 Apenninum”
922 1908 1037 2007 jubet.
1076 1913 1234 1984 Secutae
1252 1909 1336 1985 clas·

359 2029 433 2105 ficis
459 2029 565 2128 legio.
617 2029 690 2102 Tot
722 2029 831 2104 millia
858 2049 1085 2120 armatorum,
1118 2031 1207 2103 leda
1234 2029 1335 2127 equis

357 2146 518 2246 virisque,
539 2148 647 2221 fidux
664 2149 751 2222 alius
767 2147 870 2240 foret,
887 2146 1069 2224 inferendo
1086 2173 1227 2246 quoque
1238 2151 1335 2223 bello

359 2264 436 2339 satis
448 2267 636 2362 pollebant.
676 2268 808 2341 Ceterae
826 2269 997 2358 cobortes,
1016 2269 1243 2341 adtuendam
1259 2270 1333 2340 Ur-

359 2386 456 2474 bem,
485 2387 531 2457 L.
548 2384 687 2459 Vitellio
712 2385 807 2460 fratri
833 2387 949 2461 datae,
984 2385 1059 2484 Ipse
1077 2386 1162 2459 nihil
1188 2412 1208 2460 e
1236 2386 1336 2461 solito

359 2505 447 2576 luxu
471 2503 660 2594 remittens,
690 2508 724 2576 tc
752 2504 945 2579 diffidentia
969 2532 1150 2604 properus,
1179 2504 1336 2583 festinare

359 2621 513 2712 comitia,
541 2623 668 2721 quibus
684 2624 839 2698 consules
855 2624 890 2697 in
909 2626 1037 2698 multos
1060 2651 1168 2698 annos
1184 2624 1332 2698 destina-

361 2745 445 2816 bat:
473 2740 732 2834 foederationis,
750 2743 895 2818 Latium
912 2743 1060 2817 externis
1076 2742 1256 2841 dilargiri:
1280 2744 1335 2818 his

359 2861 487 2935 tributa
502 2860 673 2935 dimittere
689 2891 698 2934 ε
719 2863 803 2935 alios
819 2860 1248 2960 immunitatibusjuvare:
1268 2862 1332 2935 de·

359 2982 464 3079 nique
480 2984 574 3054 nulla
591 2981 627 3053 in
649 2982 824 3079 posterum
842 2985 934 3070 cura,
963 2983 1110 3054 lacerare
1134 2981 1334 3078 imperium.

358 3103 425 3174 Sed
436 3104 562 3199 vulgus
572 3102 616 3173 ad
630 3100 907 3197 magnitudinem
923 3100 1171 3173 beneficiorum
1187 3101 1331 3175 aderat:

359 3221 569 3294 stultiffimus
582 3219 725 3317 quisque
742 3220 896 3317 pecuniis
908 3222 1147 3293 mercabatur:
1171 3221 1264 3316 apud
1281 3220 1331 3294 sa·

361 3342 491 3438 pientes
509 3342 595 3412 cassa
624 3341 850 3429 habebantur,
877 3365 955 3436 quae
975 3364 1088 3437 neque
1104 3339 1190 3428 dari,
1220 3366 1335 3436 neque

359 3458 485 3555 accipi,
511 3458 602 3533 salva
623 3459 812 3557 republica,
845 3479 1015 3556 poterant.
1064 3460 1239 3548 Tandem,
1270 3461 1332 3532 fla·

362 3579 493 3674 girante
510 3579 676 3668 exercitu,
697 3577 757 3675 qui
778 3577 983 3651 Mevaniam
1000 3576 1178 3667 insederat,
1202 3604 1334 3676 magno

360 3697 550 3771 senatorum
561 3698 715 3795 agmine,
729 3723 877 3795 quorum
894 3699 1022 3771 multos
1034 3697 1234 3786 ambitione,
1253 3700 1331 3794 plu·

361 3842 413 3888 res
439 3815 625 3888 formidine
650 3819 819 3904 trahebat,
848 3816 882 3888 in
910 3818 1016 3890 castra
1043 3817 1150 3908 venit,
1185 3816 1334 3892 incertus

364 3933 485 4024 animi,
516 3939 548 4008 δι
565 3934 680 4009 infidis
697 3934 841 4009 consiliis
857 3935 1042 4010 obnoxius.
