3000 5144
221 756 287 870 C.
411 758 1177 876 CORNELII

389 1051 1006 1178 TACITI

459 1361 938 1438 DIALOGUS

305 1632 418 1724 DE
485 1630 1080 1727 ORATORIBUS.

397 1930 979 1969 m*—

209 2111 343 2257 Suus
360 2210 405 2257 err
421 2211 478 2258 me
495 2188 649 2282 requiris,
667 2187 762 2282 Juste
775 2188 874 2277 Fabi,
892 2213 965 2278 cur,
985 2187 1065 2261 clim
1084 2189 1174 2285 prio·

206 2329 243 2374 ra
260 2303 380 2376 saecula
396 2324 448 2378 tot
460 2307 685 2379 eminentium
703 2329 878 2379 oratomm
893 2307 1037 2404 ingeniis
1052 2307 1176 2403 glorifi-

207 2447 274 2517 que
291 2424 510 2512 efflorueriut,
534 2427 648 2497 nostra
665 2426 873 2521 potissimum
891 2449 971 2498 aetas
981 2425 1121 2514 deserta,
1141 2431 1176 2499 &

205 2542 306 2612 laude
322 2542 524 2637 eloquentiae
541 2546 673 2633 orbata,
688 2543 748 2616 vix
763 2569 891 2616 nomen
909 2543 1019 2640 ipsum
1031 2544 1174 2617 oratoris

203 2660 366 2731 retineat:
387 2662 604 2756 nequeenim
622 2659 669 2733 ita
685 2664 898 2757 appellamus
915 2662 975 2733 nisr
992 2662 1171 2757 antiquos:

204 2779 327 2850 horum
351 2799 466 2851 autem
490 2799 685 2875 temporum
709 2779 835 2867 diserti,
861 2780 1032 2868 causidici,
1059 2785 1092 2851 &
1109 2780 1172 2851 ad·

203 2897 331 2986 vocari,
361 2903 394 2969 &
418 2897 566 2992 patroni,
592 2901 625 2967 &
654 2894 793 2992 quidvis
814 2896 942 2993 potiris,
968 2899 1074 2992 quim
1095 2923 1171 2970 ora·

204 3037 293 3088 tores
322 3037 501 3088 vocantur.
551 3015 618 3087 Cui
644 3015 910 3110 percuuslatioui
933 3037 1000 3088 tuae
1033 3015 1169 3113 respon·

200 3138 293 3222 dere,
325 3139 445 3206 &tam
463 3161 598 3230 maguae
624 3133 819 3229 quaestionis
838 3135 975 3228 pondus
996 3135 1171 3230 excipere,

200 3277 237 3325 ut
261 3274 319 3325 aut
336 3256 381 3325 de
403 3252 550 3348 ingeniis
572 3252 691 3324 nostris
713 3253 802 3323 male
827 3251 1090 3326 existimandum
1117 3258 1168 3344 srt,

200 3378 222 3444 sr
247 3374 340 3444 idem
373 3370 511 3466 adsequi
546 3397 616 3442 non
645 3374 834 3467 possumne,
860 3392 918 3444 aut
945 3374 989 3444 de
1013 3373 1167 3469 judiciis,

199 3497 222 3566 sr
245 3494 420 3579 nolumus,
439 3490 500 3562 vix
518 3492 654 3561 hercule
678 3491 852 3578 auderem,
875 3495 896 3563 fi
915 3516 991 3562 mea
1007 3491 1169 3565 sententia

198 3609 416 3708 proferenda,
430 3635 470 3681 ac
486 3636 555 3680 nou
572 3608 872 3696 disertiffimorum,
891 3629 927 3680 ut
944 3610 1063 3682 uostris
1079 3631 1168 3682 tem·
1250 3706 1255 3717 ¹

198 3730 353 3825 poribus,
383 3727 565 3798 homiuum
593 3726 703 3798 sermo
731 3728 935 3821 repetendus
952 3730 1046 3816 esset,
1080 3755 1168 3824 quos

197 3850 356 3920 eamdem
380 3850 469 3918 hanc
499 3845 722 3942 quaestiouem
749 3848 1003 3940 pertradantes,
1025 3846 1165 3943 juvenis

196 3968 389 4041 admodum
409 3965 537 4040 audivi.
585 3967 722 4037 Itanon
748 3962 900 4062 ingenio,
926 3965 983 4039 sed
1000 3968 1165 4044 memoria

643 4085 669 4155 Β
689 4109 708 4178 3
