3000 5144
96 547 143 619 60
325 539 881 615 C.Con'u1·:1,11TAe1r1

93 717 181 788 rima
206 715 302 811 vulgi
331 715 480 803 lieentia,
504 716 538 787 in
568 714 700 787 circum
726 740 766 786 ac
789 713 922 785 theatra
949 707 1061 795 effusi,

93 834 251 906 seditiosis
281 834 426 905 vocibus
458 834 676 929 obstrepere:
712 833 825 904 donec
852 827 1064 926 Tigellinus,

93 973 234 1048 accepto
261 951 354 1046 apud
379 951 588 1023 Sinuessanas
612 977 716 1048 aquas
740 948 906 1045 suprema
924 941 1064 1018 necelli·

94 1070 172 1141 tatis
190 1068 323 1158 nuntio,
343 1070 432 1141 inter
447 1069 565 1165 stupra
580 1069 867 1154 concubinarum,
885 1068 918 1137 δι
935 1060 1066 1149 oscula,

95 1185 315 1259 &deformes
333 1213 455 1275 moras,
485 1187 579 1258 sedis
595 1188 764 1259 novaculis
781 1183 953 1271 faucibus,
979 1178 1068 1251 infa-

94 1331 189 1384 mem
207 1306 313 1377 vitam
329 1303 473 1377 foedavit
496 1306 600 1377 etiam
618 1305 714 1376 exitu
731 1302 802 1375 sero
821 1308 855 1375 δι
873 1297 1067 1373 inhonesto.

142 1426 314 1497 LXXIII.
340 1426 405 1494 Per
421 1423 514 1496 idem
538 1444 676 1519 tempus
693 1421 908 1517 expostulata
926 1419 971 1490 ad
989 1414 1068 1511 sup·

96 1542 238 1638 plicium
266 1541 387 1613 Calvia
408 1540 615 1637 Crispinilla,
643 1541 746 1612 variis
772 1535 1066 1621 frustrationibus,
1103 1603 1106 1608 .

97 1665 130 1731 &
156 1660 296 1730 adversa
321 1659 556 1730 dissimulantis
580 1657 748 1753 Principis
776 1655 883 1745 fami,
915 1653 1072 1750 periculo

97 1795 260 1870 exempta
288 1776 355 1848 est:
384 1776 542 1873 magistra
564 1775 750 1848 libidinum
768 1772 934 1861 Neronis,
964 1768 1072 1842 trans-

98 1895 204 1989 greffa
217 1894 251 1964 in
265 1893 419 1965 Africam
438 1896 481 1966 ad
496 1893 731 1991 instigandum
744 1892 778 1963 in
795 1916 890 1963 arma
901 1888 1074 1962 Clodium

95 2015 273 2099 Macrum,
301 2010 430 2083 famem
458 2014 587 2108 populo
618 2015 782 2084 Romano
803 2009 897 2081 haud
925 2006 1074 2081 obscure

96 2128 228 2215 molita,
262 2128 367 2200 totius
394 2129 509 2224 postea
540 2129 686 2202 civitatis
720 2128 868 2226 gratiam
902 2126 1074 2214 obtinuit,

99 2244 265 2316 consulari
293 2245 510 2318 matrimonio
537 2246 696 2336 subnixa,
725 2252 758 2321 δι
786 2246 880 2343 apud
905 2245 1076 2333 Galbam,

96 2364 287 2450 Othonem,
312 2362 489 2434 Vitellium
510 2363 644 2436 inlaesa:
669 2390 754 2438 mox
772 2385 895 2461 potens
912 2362 1077 2459 pecunia,

102 2485 136 2549 δι
154 2478 313 2568 orbitate,
341 2504 416 2575 quae
435 2480 532 2552 bonis
551 2481 716 2581 malisque
740 2481 962 2580 temporibus
973 2477 1080 2577 juxti
1111 2511 1113 2515 ¹

100 2597 229 2666 valent.

147 2715 317 2785 LXXIV.
330 2714 499 2785 Cunnum
513 2715 665 2806 interim,
681 2722 713 2791 δι
729 2719 960 2792 muliebribus
977 2719 1081 2791 blan·

99 2830 261 2903 dimentis
289 2829 437 2921 infedae,
467 2835 511 2905 ab
534 2836 675 2908 Othone
703 2839 748 2908 ad
776 2836 962 2909 Vitellium
991 2832 1083 2931 epis·

99 2948 190 3033 tola,
206 2950 393 3019 offerebant
422 2958 447 2991 “
467 2953 647 3045 pecuniam
665 2960 697 3025 ἃ
718 2954 879 3051 gratiam,
898 2958 933 3026 δι
952 2977 1083 3049 quem·

101 3072 298 3159 “cumque
328 3065 448 3160 quietis
473 3070 588 3140 locum
619 3072 773 3167 prodigae
806 3071 884 3144 vitae
909 3071 1085 3168 legiffet.''

4 3249 10 3258 ,
98 3179 195 3251 Paria
224 3182 378 3254 Vitellius
410 3184 614 3276 ostentabat,
646 3189 760 3283 primo
792 3189 948 3278 mollius,
976 3188 1083 3261 stulta

97 3297 269 3393 utrimque
303 3306 335 3373 &
369 3301 526 3374 indecora
561 3307 792 3378 simulatione:
834 3332 936 3395 mox,
986 3308 1086 3403 quasi

98 3413 259 3502 rixantes,
293 3417 462 3512 stupra&
495 3421 623 3515 flagitia
654 3423 808 3495 invicem
836 3422 1084 3520 objedlavdre3

101 3551 218 3601 neuter
244 3532 340 3602 falsb.
388 3537 497 3622 Otho,
523 3539 703 3627 revocatis,
728 3566 816 3636 quos
847 3544 965 3614 Galba
982 3540 1088 3614 mise-

100 3665 163 3728 rat,
193 3648 326 3740 legatis,
362 3649 472 3721 rursus
497 3653 580 3724 alios
605 3657 650 3727 ad
675 3678 865 3755 utrumque
897 3661 1088 3732 Germani·

101 3782 183 3827 curn
209 3764 411 3851 exereitum,
442 3771 474 3837 ὅ(
493 3771 535 3840 ad
554 3772 729 3866 legionem
748 3776 922 3865 Italicam,
942 3777 1089 3874 easque,

103 3896 179 3967 quae
196 3876 364 3971 Lugduni
382 3886 544 3977 agebant,
568 3889 700 3985 copias,
725 3890 839 3993 specie
860 3897 998 3969 senatds
1016 3896 1087 3969 mi-
