3000 5144
373 525 927 602 HrsroarnauML1a.
961 526 990 601 l.
1135 558 1181 630 47

216 694 244 739 “
262 695 319 769 nisi
336 696 397 793 ipsi
421 696 646 788 consulerent,
674 697 758 788 fore,
783 720 823 773 ut
843 700 999 772 acerrimi
1017 699 1181 789 militum,

214 822 242 857 “
263 820 296 888 δι
325 814 502 913 praesentia
527 817 722 912 conquesti,
747 844 806 915 per
831 822 999 907 tenebras,
1026 825 1060 893 δι
1080 817 1181 891 insci·

212 942 241 976 “
259 934 342 1005 tiam
358 953 565 1023 ceterorum,
589 936 861 1010 occiderentur.’'
909 937 1182 1034 Obstringuntur

211 1050 300 1125 inter
315 1051 348 1124 se
365 1052 470 1125 tacito
486 1052 618 1125 foedere
637 1054 799 1151 legiones.
851 1055 1058 1128 Adsciscitur
1081 1055 1178 1128 auxi·

209 1160 336 1243 liorum
352 1170 465 1258 miles,
485 1169 596 1266 primi)
613 1161 796 1268 suspectus,
814 1191 1009 1268 tamquam,
1033 1173 1179 1246 circum·

207 1289 299 1363 datis
315 1288 513 1362 cohortibus
531 1287 671 1386 alisque,
697 1291 849 1386 impetus
864 1291 899 1363 in
914 1290 1064 1387 legiones
1082 1316 1177 1386 para·

210 1427 318 1495 retur,
348 1433 434 1480 mox
451 1408 573 1480 eadem
589 1406 700 1481 acriiis
725 1411 892 1494 volvens3
923 1407 1072 1482 faciliore
1089 1409 1179 1483 inter

205 1528 316 1600 malos
332 1523 493 1600 consensu
511 1527 555 1600 ad
572 1527 717 1618 bellum,
742 1527 901 1624 quintin
923 1552 1009 1624 pace
1028 1527 1072 1600 ad
1093 1551 1178 1600 con·

207 1645 376 1718 cordiam.
636 1631 640 1638 ⁸

256 1766 337 1837 LV.
372 1765 605 1837 luraruoars
639 1786 755 1837 tamen
783 1764 978 1837 Germaniae
1008 1765 1174 1863 legiones,

207 1882 364 1956 sollemni
383 1884 618 1955 Kalendarum
636 1883 873 1978 januariarum
890 1883 1100 1958 sacramento
1117 1910 1180 1982 pro

204 2002 319 2074 Galba
335 2003 477 2091 adana,
503 2002 613 2074 mults
628 2001 858 2091 cambrione,
886 2002 1022 2074 &raris
1046 2003 1178 2099 primo·

203 2144 282 2193 rum
309 2119 474 2192 ordinum
506 2119 674 2193 vocibus:
710 2119 814 2192 ceteri
847 2120 992 2208 silentio,
1026 2122 1177 2217 proximi

202 2236 366 2336 cujusque
381 2238 562 2311 audaciam
577 2237 811 2336 exspectantes
825 2267 835 2324 ;
861 2239 956 2311 insit&
973 2241 1178 2314 mortalibus
1220 2240 1224 2244 ’

204 2359 337 2445 ηαωτὲ,
369 2356 511 2452 propere
529 2356 635 2454 sequi,
662 2384 740 2454 quae
766 2356 861 2455 piget
887 2357 1060 2430 inchoare.
1109 2361 1176 2432 Sed

202 2474 280 2571 ipsis
301 2475 496 2572 legionibus
524 2475 629 2547 inerat
646 2477 819 2548 diverfitas
842 2477 1048 2550 animorum.
1099 2478 1174 2550 Pri-

202 2594 310 2685 mani,
330 2593 556 2690 quintanique
568 2594 696 2668 turbidi
714 2593 815 2685 adeo,
834 2615 871 2667 ut
884 2595 1028 2692 quidam
1044 2595 1123 2670 saxa
1139 2598 1176 2672 in

201 2715 327 2786 Galbae
349 2713 519 2809 imagines
536 2712 700 2810 jecerint:
732 2712 990 2810 quintadecima
1007 2741 1048 2788 ac
1063 2715 1173 2788 sexta·

198 2831 336 2904 decima
360 2832 527 2929 legiones,
557 2832 656 2920 nihil,
686 2833 776 2904 ultra
796 2830 1023 2905 fremitum&
1050 2833 1173 2922 minas,

198 2947 299 3038 ausae,
328 2949 464 3023 initium
494 2951 701 3046 erumpendi
730 2949 1070 3046 circumspedabant.
1122 2958 1173 3024 At

199 3065 236 3138 in
274 3067 436 3166 superiori
470 3069 637 3158 exercitu,
676 3089 797 3166 quarta
823 3094 864 3141 ac
907 3068 1174 3142 duoetvicesrma

198 3186 367 3284 legiones,
396 3188 514 3261 iisdem
544 3187 695 3260 hibernis
722 3189 913 3275 tendentes,
944 3187 1016 3283 ipso
1042 3191 1171 3260 Kalen·

196 3305 320 3377 darum
337 3307 578 3399 Januariarum
595 3307 652 3379 die
673 3306 879 3401 dirumpunt
899 3305 1068 3401 imagines
1086 3310 1171 3379 Gal·

197 3424 269 3494 bae:
298 3444 421 3520 quarta
441 3425 535 3522 legio
554 3424 761 3521 prompribs,
783 3422 1048 3495 duoetvicesrma
1064 3451 1170 3498 cunc·

194 3558 319 3629 canter,
349 3568 435 3615 mox
457 3541 632 3631 consensu,
655 3569 696 3615 ac
722 3568 765 3615 ne
788 3538 1015 3613 reverentiam
1033 3540 1169 3638 imperii

194 3681 321 3732 exuere
343 3659 552 3749 viderentur,
568 3655 700 3753 staalda
719 3663 886 3756 populique
919 3661 1053 3728 Rotnani
1080 3660 1169 3733 obli·

193 3795 299 3850 terata
314 3775 389 3873 jam
406 3778 561 3865 nomina,
579 3777 787 3850 sacramento
804 3779 1040 3850 advocabant:
1073 3781 1170 3853 nullo

196 3895 390 3993 legatomm
414 3887 674 3969 tribunorumve
696 3921 759 3994 pro
776 3885 889 3970 Galba
906 3897 1059 3983 nitente;
1089 3900 1167 3995 qui·
