2978 5144
252 568 298 642 34
439 535 787 610 ceonmu
821 531 1058 606 Tacina·

252 705 400 807 plenior,
424 708 641 782 &valentior
656 706 807 790 Cicer03
836 727 962 776 omnes
993 722 1127 775 tamen
1157 726 1251 776 aam-

252 830 334 901 dem
362 827 538 900 sanitatem
565 825 772 922 eloquentiae
792 821 923 895 femnt:
955 844 1000 895 ut
1025 826 1051 895 fi
1080 821 1251 895 omnium

254 946 380 1043 pariter
396 946 502 1019 libros
524 945 560 1018 in
584 971 706 1018 manus
722 941 912 1038 sumpseris,
940 940 1043 1030 scias,
1078 940 1249 1038 quamvis

254 1066 290 1138 in
307 1065 443 1137 diversrs
471 1064 631 1161 ingeniis,
655 1066 721 1135 effe
745 1061 932 1159 quamdam
947 1057 1084 1156 judicii
1110 1087 1155 1134 ac
1181 1087 1244 1134 vo·

257 1184 397 1258 luntatis
439 1182 693 1256 similitudinem
729 1186 764 1254 &
804 1179 1070 1277 cognationem.
1143 1182 1242 1253 Nam

257 1303 355 1400 quod
383 1303 531 1375 invicem
565 1301 598 1374 se
628 1298 919 1386 obtrectaverunt,
949 1297 988 1368 &
1012 1297 1096 1372 sunt
1124 1299 1243 1396 aliqua

144 1476 150 1492 .
257 1421 406 1518 epistolis
423 1446 542 1494 eorum
559 1419 693 1505 inserta,
725 1444 769 1490 ex
788 1417 912 1515 quibus
929 1437 1054 1491 mutua
1072 1417 1240 1516 maligni·
1314 1451 1317 1455 ’

258 1559 308 1612 tas
324 1541 509 1637 detegitur,
528 1564 598 1611 non
615 1536 664 1609 est
687 1558 862 1610 oratorum
878 1535 1017 1626 vitium,
1042 1535 1105 1609 sed
1122 1536 1239 1610 homi·

258 1685 358 1732 num.
407 1661 500 1731 Nam
534 1662 568 1730 ὃ(
595 1658 760 1744 Calvum,
785 1655 822 1727 &
850 1655 1025 1746 Asinium,
1053 1655 1093 1726 &
1123 1656 1239 1754 ipsum

259 1779 465 1851 Ciceronem
481 1779 584 1850 credo
608 1776 721 1850 solitos
744 1774 781 1844 δι
797 1773 966 1864 invidere,
993 1776 1033 1846 &
1050 1773 1176 1864 livere,
1202 1780 1237 1853 δι

260 1899 379 1971 ceteris
404 1901 566 1971 humana
596 1893 802 1968 infirmitatis
835 1892 926 1966 vitiis
957 1893 1085 1966 adfici:
1123 1893 1238 1969 solitm

261 2014 351 2088 inter
375 2020 437 2090 hos
460 2015 608 2088 arbitror
633 2017 791 2101 Brutum,
818 2038 889 2085 non
912 2012 1144 2110 malignitate,
1172 2038 1238 2088 nee

259 2132 403 2222 invidia,
421 2134 478 2207 sed
492 2133 699 2230 fimpliciter,
710 2132 748 2203 &
764 2132 929 2229 ingenue,
938 2130 1114 2228 judicium
1127 2134 1238 2210 animi

259 2250 307 2322 sui
325 2253 508 2324 detexiffe:
540 2277 583 2323 an
606 2251 776 2322 invideret
792 2251 964 2341 Ciceroni,
991 2251 1052 2348 qui
1078 2253 1168 2325 mihi
1184 2253 1237 2326 vi·

258 2369 360 2439 detur
377 2395 422 2440 ne
445 2368 566 2441 Caesari
582 2368 723 2464 quidem
741 2368 928 2442 invidiffe?
978 2371 1089 2468 Qtod
1102 2373 1149 2443 ad
1165 2375 1237 2449 Ser.

258 2487 410 2559 Galbam
433 2486 469 2558 δι
485 2487 528 2559 C.
545 2487 695 2563 Laelium
712 2488 847 2577 attinet,
871 2489 908 2561 δι
926 2492 948 2561 fi
966 2513 1053 2585 quos
1069 2489 1157 2563 alios
1174 2517 1237 2564 an·

258 2606 436 2702 tiquorum
465 2605 594 2704 agitare
623 2632 694 2680 non
715 2608 855 2697 defistit,
885 2633 954 2679 non
978 2607 1088 2705 exigit
1114 2609 1238 2688 defen·

258 2723 382 2815 sorem,
411 2727 493 2800 cum
510 2725 614 2800 fatear
629 2728 792 2823 quaedam
808 2726 1013 2823 eloquentiae
1030 2752 1170 2820 eorum,
1200 2750 1238 2804 ut

259 2843 408 2919 nascenti
425 2848 552 2934 adhue,
571 2871 634 2919 nec
651 2845 727 2918 satis
750 2846 890 2934 adultae,
909 2843 1063 2917 defuiffe.

306 2968 441 3037 XXVI.
466 2968 662 3038 Coranum
676 2968 713 3053 fi,
731 2965 852 3037 omisso
865 2964 999 3060 optimo
1015 2964 1090 3054 illo,
1104 2971 1139 3039 δι
1157 2993 1238 3064 per.

259 3082 437 3156 rectissimo
466 3109 589 3181 genere
615 3084 834 3181 eloquentiae,
867 3083 1030 3180 eligenda
1059 3089 1096 3158 srt
1125 3085 1241 3162 forma

259 3200 413 3288 dicendi,
439 3201 558 3274 malim
576 3203 715 3275 hercule
737 3204 780 3274 C.
797 3202 947 3276 Gracchi
963 3201 1153 3298 impetum,
1178 3227 1241 3281 aut

259 3320 305 3391 L.
323 3318 427 3392 Craffi
441 3320 683 3410 maturitatem,
708 3324 815 3418 quim
830 3321 1040 3396 calamistros
1057 3326 1239 3399 Maecena-

260 3437 316 3524 tis,
331 3458 389 3510 aut
400 3438 542 3514 tinnitus
553 3441 740 3515 Gallionis:
761 3444 847 3515 adeo
863 3440 985 3515 melius
997 3439 1046 3512 est
1064 3462 1240 3517 oratorem

260 3558 317 3627 vel
345 3556 433 3628 hirta
453 3560 535 3653 togal
553 3558 708 3649 induere,
740 3562 847 3657 quim
873 3558 997 3632 fucatis
1027 3560 1239 3634 &meretri

259 3673 319 3744 ciis
343 3676 489 3748 vestibus
507 3677 675 3774 insignire.
725 3681 851 3776 Neque
871 3677 964 3749 enim
981 3678 1147 3750 oratorius
1160 3679 1237 3769 iste,

260 3790 384 3880 immo,
412 3796 564 3884 hercule,
590 3821 632 3868 ne
654 3794 760 3870 virilis
777 3799 918 3895 quidem
940 3798 1054 3870 cultus
1071 3797 1135 3886 est,
1164 3822 1238 3894 quo

258 3909 414 4009 plerique
430 3933 627 4009 temporum
644 3916 839 3995 nostrorum
853 3917 991 4012 actores
1014 3917 1060 3990 ita
1076 3937 1236 4008 utuntur,

399 4404 1359 4792 Aa·
