3000 5144
387 544 784 616 Hrsronrnnunr
811 539 919 615 Lis,
945 538 974 608 1.
1122 562 1167 636 25

203 713 258 812 pis
278 711 326 785 sui
347 711 511 810 sanguine
534 709 633 784 sobrii
656 713 832 806 parabant,
853 710 910 781 sed
933 734 976 780 ne
998 734 1059 805 per
1075 728 1170 782 tene,

204 835 297 920 bras,
311 830 507 927 utquisque
523 828 726 917 Pannonici,
750 830 805 900 vel
826 827 1023 900 Germanici
1039 827 1169 907 exerci-

204 951 261 1021 tsts
276 948 446 1021 militibus
467 950 602 1021 oblatus
618 949 711 1035 esset,
735 945 972 1043 ignorantibus
988 944 1169 1042 plerisque,

205 1092 267 1164 pto
295 1069 437 1140 Othone
464 1066 698 1139 destinaretur.
748 1065 866 1136 Multa
884 1062 1094 1158 erumpentis
1120 1064 1168 1135 se-

204 1185 342 1258 ditionis
365 1184 506 1272 indicia,
537 1199 596 1279 per
621 1181 774 1256 conscios
797 1183 979 1277 oppressa:
1011 1182 1171 1275 quaedam

204 1304 298 1400 apud
320 1303 443 1376 Galbae
461 1327 558 1373 aures
585 1299 764 1398 praesedus
780 1302 878 1372 Laco
894 1300 1003 1385 elusit,
1034 1298 1173 1394 ignarus

206 1419 410 1495 militarium
433 1420 642 1502 animorum,
666 1418 876 1514 consiliique,
897 1417 1056 1513 quamvis
1074 1443 1172 1514 egre.

205 1539 271 1637 gii,
297 1540 393 1636 quod
425 1565 495 1612 non
513 1536 580 1635 ipse
596 1539 743 1626 afferret,
769 1535 939 1625 inimicus,
959 1540 993 1609 ὃς
1010 1536 1172 1609 adversus

208 1655 335 1753 peritos
349 1657 523 1753 pervicax.
583 1718 585 1722 .

254 1776 406 1847 XXVII.
418 1779 736 1849 Ocrnvonscrnro
749 1776 922 1848 Kalendas
932 1776 1106 1848 Februarii
1123 1777 1172 1850 sa·

205 1892 370 1967 crificanti
389 1920 450 1990 pro
467 1894 541 1968 aede
558 1894 729 1990 Apollinis
746 1897 881 1983 Galbae,
894 1892 1062 1989 haruspex
1079 1897 1172 1968 Um·

208 2011 336 2084 bricius
367 2019 393 2053 “
412 2013 517 2085 tristia
533 2034 626 2101 exta,
650 2019 683 2086 a
702 2013 863 2085 instantes
880 2011 1026 2100 infidias,
1044 2038 1084 2084 ac
1106 2014 1172 2086 do·

208 2136 236 2171 ‘⁴
255 2129 434 2202 mesticum
457 2132 616 2204 hostem''
640 2132 812 2228 praedicit:
843 2129 1004 2203 audiente
1031 2133 1172 2205 Othone

209 2251 310 2341 (nam
327 2248 507 2344 proximus
524 2249 712 2342 adstiterat)
733 2249 850 2346 idque,
869 2268 907 2320 ut
920 2250 1071 2320 laetume
1088 2275 1171 2322 cons

208 2365 327 2455 trari0,
353 2369 386 2438 dt
409 2366 473 2439 suis
490 2367 756 2464 cogitationibus
773 2365 988 2463 prosperum,
1005 2366 1171 2462 interpre-

207 2502 311 2556 tante.
360 2486 438 2558 Nec
461 2485 573 2565 multo
596 2483 672 2580 post
694 2485 834 2557 libertus
849 2485 1060 2559 Onomastus
1081 2511 1171 2558 nun·

108 2583 113 2592 ⁵
173 2647 178 2655 ·
208 2601 283 2692 tiat,
313 2608 341 2644 “
352 2600 537 2698 exspeslari
552 2630 631 2675 eum
648 2607 696 2677 ab
710 2603 906 2692 architedlo,
925 2607 958 2675 &
974 2606 1170 2700 redempto.

210 2727 238 2763 “
255 2720 350 2795 ribus
364 2722 400 2792 :''
428 2747 505 2818 quae
529 2721 727 2818 significatio
751 2721 950 2794 coduntium
971 2719 1046 2818 jam
1078 2723 1172 2796 mili-

209 2859 299 2929 tum,
327 2844 507 2936 &paratae
530 2839 770 2935 conjurationis
795 2861 1010 2913 convenerat.
1059 2844 1171 2933 Otho,

211 2957 391 3031 “causam
418 2945 608 3056 digressus”
642 2958 906 3053 requirentibus,
942 2959 1023 3031 ciam
1057 2961 1171 3032 “emi

211 3076 316 3151 “fibi
342 3078 468 3172 praedia
486 3076 649 3148 vetustate
676 3074 838 3171 suspedla,
864 3079 975 3173 edque
998 3077 1090 3173 priirs
1111 3104 1172 3150 ex·

211 3203 237 3238 “
256 3195 458 3291 ploranda,''
483 3194 644 3282 finxisset,
669 3193 806 3270 innixus
824 3195 959 3283 libert0,
988 3220 1048 3290 per
1064 3196 1172 3269 Tibe·

209 3312 338 3386 rianam
354 3315 514 3404 domum,
538 3313 573 3384 in
590 3315 791 3401 Velabrum,
811 3312 890 3384 inde
906 3313 949 3383 ad
964 3311 1173 3387 Milliarium

208 3457 363 3520 aureum,
381 3431 444 3505 sub
460 3433 572 3504 aedem
595 3431 729 3503 Saturni
744 3431 867 3527 pergit.
916 3431 967 3503 lbi
985 3436 1102 3504 tres&
1122 3433 1171 3505 vi·

210 3552 298 3650 ginti
332 3550 558 3648 speculatores
591 3548 837 3621 consalutatum
862 3551 1092 3642 Imperatorem,
1131 3577 1172 3624 ac

208 3668 379 3766 paucitate
400 3667 614 3741 salutantium
642 3667 831 3762 trepidum,
856 3664 992 3739 &sellae
1011 3666 1171 3741 festinan-

209 3808 260 3859 ter
276 3788 488 3882 imposrtum,
509 3784 629 3857 stridis
647 3786 881 3873 mucronibus,
901 3784 1048 3880 rapiunt.
1097 3790 1171 3860 To-

209 3905 317 3997 tidem
341 3903 450 3978 serme
473 3903 597 3982 milites
627 3902 662 3979 in
692 3902 811 3992 itinere
834 3925 1064 4009 aggregantur
1071 3933 1082 3993 3
1112 3905 1170 3995 alii
