3000 5144
391 555 796 640 Hrsronrnnuiu
828 569 941 642 Lis.
974 570 1020 642 ll.
1122 592 1188 669 ¹27

222 743 251 778 “
270 737 482 834 permixtum
508 739 673 812 vehiculis
696 767 838 838 agmen,
867 768 907 813 ac
933 743 1094 837 pleraque
1118 736 1189 810 for·

220 861 249 897 “
268 855 366 943 tuita,
394 854 503 929 fraudi
520 856 611 930 suae''
626 861 863 956 adfignantes:
892 864 924 931 δι
943 858 1099 930 Vitellius
1117 882 1188 929 cre·

219 973 310 1048 didit
333 976 378 1047 de
405 975 561 1069 perfidis,
590 982 623 1049 ἃ
647 979 754 1050 fidem
770 977 926 1051 absolvit.
977 977 1109 1050 Salvius
1124 976 1189 1047 Ti·

218 1092 344 1183 tianus,
378 1094 529 1166 Othonis
566 1093 681 1185 frater,
715 1098 850 1168 nullum
880 1093 1062 1168 discrimen
1087 1094 1187 1184 adiit,

220 1211 344 1308 pietate
369 1216 402 1284 ὅτ
426 1213 565 1311 ignavis
595 1213 784 1287 excusatus.
834 1214 948 1288 Mario
977 1212 1075 1285 Celso
1104 1236 1188 1286 con·

219 1329 345 1403 sulatus
362 1332 530 1404 servatur:
562 1331 617 1404 sed
636 1334 806 1405 creditum
823 1332 926 1419 sams,
945 1330 1189 1429 objeslumque

220 1476 306 1522 mox
341 1454 377 1522 in
410 1449 525 1523 senatu
560 1451 702 1524 Caecilio
732 1449 902 1547 Simplici,
937 1456 963 1490 “
982 1449 1079 1544 qubd
1108 1474 1190 1521 eum

223 1574 250 1608 “
268 1571 435 1641 honorem
453 1570 600 1665 pecunia
625 1570 781 1656 mercari,
804 1595 869 1641 nec
888 1573 954 1640 fine
971 1566 1076 1639 exitio
1102 1567 1189 1639 Celsi

221 1694 248 1728 “
266 1687 474 1760 voluiss'et:”
512 1687 629 1761 restitit
664 1688 836 1776 Vitellius,
877 1685 1042 1780 deditque
1075 1685 1191 1780 postea

219 1805 435 1879 consulatum
472 1808 641 1904 Simplici,
686 1806 871 1879 innoxium
911 1809 944 1876 δι
980 1803 1188 1899 inemptum.

217 1925 429 1998 Trachalum
463 1927 625 1998 adversus
663 1925 883 1999 criminantes
915 1921 1065 2010 Galeria,
1099 1945 1190 1993 uxor

220 2042 364 2130 Vitellii,
392 2044 555 2140 protexit.

264 2163 365 2234 LXI.
408 2166 530 2235 lusan
565 2188 772 2260 magnomm
807 2161 959 2234 virorum
992 2158 1190 2233 discrimina

221 2283 445 2377 (pudendum
480 2283 595 2374 dieru)
632 2281 807 2354 Mariccus
836 2281 994 2378 quidam,
1037 2304 1056 2351 e
1088 2280 1190 2376 plebe

216 2400 395 2490 Boiorum,
413 2400 552 2473 inserere
569 2399 634 2472 sese
651 2399 809 2488 sortunae,
842 2405 876 2471 δι
894 2423 1079 2495 provocare
1093 2422 1189 2470 arma

218 2523 393 2607 Romana,
424 2517 637 2591 simulatione
658 2517 841 2590 numinum
864 2517 962 2590 ausus
982 2516 1039 2589 est.
1089 2519 1188 2610 Jam-

216 2665 285 2736 que
313 2637 506 2710 “adsertor
534 2637 738 2725 Galliarum,
770 2641 804 2709 &
843 2638 951 2708 deus”
983 2638 1131 2728 (nomen
1149 2634 1188 2706 id

215 2757 275 2830 fibi
308 2757 496 2847 indiderat)
532 2753 672 2827 concitis
704 2757 783 2826 oslo
807 2753 958 2826 millibus
982 2753 1182 2842 hominurn,

217 2876 394 2972 proximos
425 2875 626 2948 AEduorum
655 2899 762 2969 pagos
791 2874 971 2957 trahebat;
1004 2872 1085 2944 cum
1111 2897 1187 2968 gra-

215 2994 347 3065 viffima
367 2991 500 3081 civitas,
519 2989 828 3087 elecldjureutute,
855 2988 992 3086 adjeslis
1010 3017 1030 3062 a
1047 2990 1187 3062 Vitellio

216 3112 431 3200 cohortibus,
446 3110 625 3183 fanaticam
641 3110 897 3182 multitudinem
913 3107 1056 3203 disjecit.
1093 3111 1186 3205 Cap-

213 3251 268 3303 tus
286 3230 322 3300 in
340 3255 382 3301 eo
400 3229 522 3325 proelio
544 3228 735 3314 Mariccus,
753 3254 792 3300 ac
810 3254 895 3300 mox
916 3227 994 3299 seris
1017 3226 1185 3324 objeslus,

216 3349 296 3446 quia
313 3375 382 3420 non
398 3347 600 3434 laniabatur,
618 3345 782 3418 stolidum
800 3347 926 3442 vulgus
952 3345 1186 3418 inviolabilem

215 3468 387 3554 credebat,
405 3467 529 3551 donec,
553 3463 724 3559 spectante
747 3463 900 3552 Vitellio,
918 3461 1112 3536 interfectus
1128 3464 1185 3536 est.

259 3587 377 3658 LXII.
403 3587 489 3656 Nnc
514 3585 601 3655 ultra
628 3582 663 3654 in
688 3580 893 3670 deseclores,
922 3601 980 3654 aut
1004 3584 1095 3654 bona
1116 3607 1178 3654 cu-

208 3702 384 3801 jusquam,
410 3702 575 3775 saevitum.
625 3705 719 3774 Rata
746 3700 840 3772 suere
868 3725 1001 3787 eorum,
1026 3700 1086 3795 qui
1113 3701 1186 3773 acie

213 3822 410 3895 Othoniani
427 3819 633 3909 ceciderant,
657 3820 871 3908 testamenta,
893 3839 952 3891 aut
969 3821 1025 3890 lex
1049 3820 1184 3892 intesta-

215 3940 269 4013 tis.
329 3938 482 4030 Prorsus,
517 3943 540 4012 fi
569 3938 714 4011 luxuriae
748 3957 970 4036 temperaret,
1004 3938 1183 4013 avaritiam
