3000 5144
425 516 1047 590 Hrsronrnnuqun.IV.
1155 523 1223 617 287

260 691 288 728 “
306 685 435 758 derent.
486 687 698 762 Alliciendos
716 690 830 786 potiris
847 691 881 762 in
898 688 1113 764 societatem:
1135 692 1228 790 lega-

261 804 350 875 “tis
376 806 511 878 tantiam
542 808 717 904 legionum
742 810 940 898 intersedis‚
969 830 1121 883 ceterum
1149 813 1227 883 vul·

263 928 291 963 “
311 947 388 1018 gus,
419 923 623 999 conscientias
652 926 831 1017 scelerum,
863 927 974 1024 &spe
1001 928 1228 1024 impunitatis,

261 1049 289 1085 “
308 1040 407 1115 facila
434 1045 682 1115 acceffurum.'’
732 1048 784 1118 Ea
813 1045 916 1141 primi
938 1047 1067 1119 confilii
1089 1044 1225 1119 forma:

261 1161 419 1259 missique
446 1185 505 1257 per
521 1161 650 1235 Gallias
666 1164 857 1237 concitores
882 1164 974 1238 belli.
1023 1165 1232 1238 Simulatum

260 1277 337 1376 ipsis
354 1280 570 1377 obsequium,
597 1281 667 1376 qui)
685 1282 908 1355 incautiorem
926 1286 1096 1356 Voculam
1113 1284 1231 1380 oppri-

263 1419 405 1471 merent.
454 1401 537 1471 Nec
568 1399 723 1490 defuere,
754 1400 815 1498 qui
845 1402 988 1473 Voculae
1023 1402 1229 1474 nuntiarent.

261 1519 329 1590 Sed
351 1518 440 1590 vires
464 1519 508 1589 ad
533 1521 762 1591 co‘e'rcendum
781 1520 933 1608 deerant,
960 1519 1232 1617 infrequentibus

263 1636 447 1734 infidisque
471 1635 679 1732 legionibus.
727 1640 821 1710 Inter
842 1638 1024 1735 ambiguos
1043 1638 1179 1728 milites,
1199 1642 1232 1709 δι

262 1759 418 1831 occultos
435 1756 559 1843 hostes,
572 1756 742 1851 optimum
762 1781 781 1827 e
800 1756 1017 1852 praesentibus
1035 1777 1142 1846 ratus,
1156 1784 1233 1830 rnu-

261 1881 320 1950 tufi
347 1873 626 1963 diffimularione,
657 1879 689 1947 ὃ(
719 1875 852 1963 iisdem,
882 1876 1006 1971 quibus
1038 1879 1233 1971 petebatur,

264 1995 392 2069 artibus
419 1994 568 2090 grassari,
599 1993 633 2064 in
658 1993 829 2065 coloniam
853 1993 1145 2090 Agrippinensem
1172 1997 1234 2067 de-

263 2110 403 2184 scendit.
453 2113 540 2184 llluc
556 2111 721 2184 Claudius
749 2114 885 2201 Labe0‚
915 2138 1020 2208 quem
1041 2135 1182 2208 captum
1201 2119 1234 2186 δι

265 2251 363 2304 extra
386 2252 599 2303 conventum
623 2232 848 2304 amandatum
874 2231 909 2302 in
927 2230 1049 2303 Frisios
1066 2230 1234 2320 diximus,

267 2351 437 2447 corruptis
463 2349 662 2422 custodibus
680 2349 852 2447 perfugit:
882 2348 1134 2446 pollicitusque,
1166 2354 1237 2423 “sr

267 2478 295 2514 “
316 2468 506 2567 praesrdium
523 2469 674 2556 daretur,
701 2469 827 2540 iturum
845 2466 880 2540 in
896 2470 1055 2558 Batavos,
1074 2474 1106 2542 &
1127 2468 1238 2565 potio-

267 2595 389 2660 “rem
417 2586 563 2659 civitatis
592 2607 724 2682 partem
750 2588 794 2659 ad
821 2586 1015 2659 societatem
1039 2592 1239 2661 Romanam

269 2713 296 2751 “
315 2707 587 2779 retradurum:''
627 2709 768 2801 accept&
811 2703 969 2800 peditum
1011 2709 1238 2802 equitumque

267 2826 404 2899 modica
422 2851 540 2912 manu,
559 2823 644 2894 nilril
663 2825 758 2919 apud
774 2825 918 2895 Batavos
941 2822 1052 2910 ausus,
1072 2823 1239 2919 quosdam

267 2944 481 3018 Nerviorum
496 2947 774 3039 Betasrorumque
786 2941 820 3012 in
833 2966 928 3012 arma
939 2940 1054 3013 traxit.
1105 2943 1151 3012 Et
1168 2940 1239 3014 fur·

268 3065 332 3137 tim
351 3063 476 3159 magis,
495 3063 601 3159 quim
620 3063 725 3148 bel10,
739 3058 979 3131 Canninefates
998 3057 1241 3154 Marsacosque

269 3180 472 3253 incursabat.
522 3181 669 3267 Vocula,
692 3180 873 3252 Gallorum
890 3175 1006 3249 fraude
1020 3175 1177 3266 inledtus,
1195 3179 1241 3249 ad

271 3301 403 3373 hostem
421 3299 613 3372 contendit.

318 3420 433 3491 LVll.
458 3420 544 3490 Nae
565 3417 683 3512 procul
705 3414 885 3487 Veteribus
901 3416 1030 3500 aberat,
1049 3415 1131 3485 cum
1148 3414 1240 3487 Clas·

274 3543 358 3611 ficus
384 3541 416 3609 &
434 3539 561 3622 Tutor,
583 3559 641 3630 per
667 3533 814 3629 speciem
832 3531 1039 3628 explorandi
1056 3535 1240 3629 praegrelsr,

270 3682 351 3728 curn
364 3654 513 3727 ducibus
525 3655 780 3723 Germanorum
793 3652 889 3746 pasta
903 3650 1092 3721 firmavdre.
1127 3652 1241 3723 Tum·
1320 3718 1323 3724 .

272 3800 340 3868 que
358 3774 509 3869 primum
536 3769 670 3843 discreti
698 3796 718 3841 a
743 3768 953 3865 legionibus,
985 3766 1124 3863 proprio
1148 3769 1242 3840 vallo
1280 3802 1283 3808 ·

273 3893 380 3965 castra
395 3889 454 3963 sua
472 3889 702 3978 circumdant,
719 3887 911 3960 obtestante
927 3884 1072 3974 Voculal,
1103 3893 1130 3928 “
1157 3888 1244 3958 Non
1301 3970 1305 3977 .
