3000 5144
271 557 336 625 ¹42
466 525 1052 602 C.Conuaa11thrrt

264 711 293 748 “
311 704 410 778 riacis
438 705 631 805 legionibus
654 705 863 779 Germanica
889 704 1048 793 hiberna,
1081 701 1169 775 caelo
1196 724 1239 776 ac

264 825 482 899 “laboribus
505 827 605 914 dura,
633 827 883 899 mutarentur.”
931 824 1075 921 Qrippe
1098 829 1131 897 δι
1157 848 1238 920 pro·

264 944 432 1027 uinciales⁸
456 943 550 1017 sueto
583 944 734 1017 militum
763 943 994 1018 contubernio
1023 944 1238 1041 gaudebant,

265 1064 422 1162 plerique
447 1064 743 1138 neceffitudinibus
761 1070 795 1138 δι
815 1063 1128 1162 propinquitatibus
1144 1062 1238 1136 mirt-

263 1186 313 1270 ti;
340 1188 373 1256 u
402 1185 585 1273 militibus,
613 1183 778 1256 vetuliate
805 1183 1068 1280 stipendiorum,
1096 1200 1180 1255 nota
1203 1186 1240 1255 δε

263 1304 443 1379 familiaria
470 1304 590 1394 castra,
608 1303 643 1376 in
668 1305 815 1378 modum
841 1302 1018 1399 penatium
1042 1301 1239 1399 diligeban-

263 1445 329 1498 tur.
677 1428 680 1433 “
726 1476 728 1481 -
992 1520 996 1527 1

311 1545 485 1616 LXXXI.
511 1547 625 1616 Aura
650 1543 731 1616 ldus
749 1543 833 1638 Julii
858 1541 956 1638 Syria
982 1541 1096 1615 omnis
1116 1540 1152 1613 in
1178 1566 1239 1616 eo·

257 1663 303 1735 de
318 1688 353 1734 m
369 1661 582 1736 sacramento
602 1661 678 1734 fuit.
727 1660 911 1736 Accessere
925 1665 1007 1736 cum
1033 1685 1155 1761 regno,
1173 1663 1238 1735 So-

265 1785 403 1871 hemus,
432 1783 526 1853 haud
549 1779 747 1879 spernendis
768 1781 912 1871 viribus,
939 1783 1149 1872 Antiochus,
1174 1807 1236 1856 ve-

264 1902 359 1975 tustis
375 1901 499 1999 opibus
519 1902 653 2000 ingens,
679 1904 712 1974 δε
731 1899 987 1975 inservientium
1003 1927 1127 1999 regum
1143 1896 1247 1974 ditis-⁴

265 2026 390 2096 fimus:
420 2046 505 2094 mox
530 2047 588 2119 per
611 2022 769 2094 occultos
790 2020 928 2093 suorum
950 2021 1089 2094 nuntios
1105 2020 1241 2095 excitus

263 2145 309 2216 ab
320 2144 422 2215 Urbe
435 2140 607 2237 Agrippa,
622 2139 743 2238 ignaro
760 2140 874 2212 adhuc
886 2138 1041 2230 Vitellio,
1062 2140 1164 2213 celeri
1176 2165 1238 2212 na·

255 2260 440 2358 ‚rigatione
456 2278 719 2356 properaverat;
744 2284 806 2332 nec
823 2258 955 2333 minore
972 2260 1101 2351 animo,
1120 2260 1240 2358 regina

263 2377 425 2452 Berenice
442 2375 719 2475 partesjuvabat‚
739 2381 863 2451 florens
876 2399 973 2452 aetate
988 2376 1182 2478 formlque,
1201 2382 1238 2453 &
1277 2431 1283 2440 -

264 2496 334 2572 seni
360 2523 501 2594 quoque
529 2496 733 2594 Vespasiano
763 2497 1022 2596 magnificentias
1051 2523 1237 2572 munerum

263 2638 373 2716 grata.
431 2615 616 2714 Qtidquid
655 2615 913 2713 provinciarum
945 2617 1097 2692 adluitur
1132 2619 1236 2709 mari,

265 2741 346 2812 Asu
363 2758 467 2834 atque
485 2734 618 2808 Achai&
634 2753 746 2825 tenus,
764 2748 1006 2835 quantumque
1022 2737 1184 2812 introrsus
1200 2739 1238 2811 in

263 2860 416 2932 Pontum
432 2861 467 2930 ὅτ
486 2854 670 2928 Armenios
687 2854 841 2950 patescit,
858 2855 1044 2952 juravere:
1073 2856 1130 2929 sed
1148 2857 1238 2930 iner-

264 3006 339 3052 mes
364 2975 467 3075 legati
486 2975 666 3071 regebant,
689 2976 848 3047 nondum
862 2976 988 3049 additis
1007 2977 1238 3074 Cappadociae

265 3098 471 3197 legionibus.
521 3093 711 3166 Consilium
738 3095 785 3166 de
809 3093 943 3167 summfi
972 3122 1099 3186 rerum,
1125 3095 1237 3195 Beryti

266 3219 449 3293 habitum:
484 3214 567 3286 illuc
597 3213 798 3302 Mucianus,
825 3240 906 3286 cunr
932 3215 1050 3312 legatis
1079 3213 1237 3288 tribunis·

265 3366 347 3436 que,
364 3342 396 3411 δι
414 3333 681 3432 splendidissrmo
698 3358 840 3431 quoque
857 3335 1097 3407 centurionum
1114 3361 1155 3407 ac
1172 3334 1238 3407 mi·

267 3459 381 3546 litum,
411 3454 505 3529 venit
521 3482 530 3526 ε
559 3457 593 3525 &
609 3479 628 3525 e
644 3452 794 3548 Judaico
808 3453 973 3542 exercitu,
999 3455 1085 3525 lesia
1098 3454 1237 3526 decora.

263 3577 420 3648 Tantum
442 3575 540 3646 fimul
564 3573 723 3669 peditum
748 3572 987 3669 equitumque,
1013 3577 1046 3644 &
1071 3573 1237 3645 aemulan·

263 3696 352 3767 tium
386 3694 472 3765 inter
498 3693 532 3764 se
565 3716 687 3789 regum
719 3712 867 3790 paratus,
907 3689 1054 3789 speciem
1092 3690 1238 3765 sottunae

266 3813 466 3912 Principalis
483 3813 674 3886 effecerant.
