3000 5144
366 496 892 598 Hrsronrnnuqun.
921 519 984 596 IV.
1096 548 1165 624 259

195 681 419 779 petebantur:
447 688 575 777 donec,
605 689 778 786 desperata
796 690 846 778 vi,
872 710 1041 763 verterent
1056 695 1163 763 consr-

193 802 281 875 lium
312 805 357 875 ad
386 831 515 895 moras,
549 809 642 880 haud
671 809 779 905 ignari
813 836 1002 904 paucorum
1030 810 1165 884 dierum

193 919 297 994 inesse
313 923 488 1014 alimenta,
508 932 541 998 δι
554 929 705 999 multum
723 927 871 999 imbellis
888 932 1008 1000 turbae.
1056 929 1166 1001 Simul

192 1063 237 1111 ex
262 1038 377 1137 inopia
403 1045 566 1139 proditio,
597 1051 629 1117 &
649 1049 744 1118 fluxa
765 1044 981 1117 servitiorum
999 1047 1098 1135 fides,
1125 1072 1165 1118 ac

192 1155 334 1233 fortuita
353 1162 433 1234 belli
452 1161 682 1258 sperabantur.

241 1280 378 1350 XXIV.
405 1282 587 1354 Flaccus
621 1281 773 1372 interim,
806 1280 947 1379 cognito
975 1281 1166 1356 castrorum

191 1396 336 1486 obfidi0,
364 1404 396 1470 δι
426 1398 528 1470 miffis
558 1425 617 1495 per
641 1399 783 1487 Gallias,
810 1401 871 1495 qui
897 1401 1025 1473 auxilia
1049 1401 1164 1473 conci·

190 1536 279 1603 rent,
298 1518 402 1588 ledo:
416 1541 435 1588 e
452 1517 645 1614 legionibus
662 1517 772 1590 Dillio
789 1519 947 1607 Voculae,
963 1518 1165 1591 duoetvice-

189 1634 280 1704 srmae
293 1634 440 1730 legionis
457 1638 584 1732 legato,
610 1636 725 1726 tradit,
744 1655 781 1708 ut
799 1636 906 1730 quam
925 1636 1084 1709 maximis
1102 1660 1164 1733 per

189 1749 300 1846 ripam
313 1753 492 1827 itineribus
506 1757 676 1827 celeraret.
727 1753 802 1849 lpse
815 1754 975 1849 paviduS,
993 1753 1164 1829 invalidus

190 1895 352 1967 corpore,
381 1871 507 1945 invisus
529 1873 721 1946 militibus:
754 1872 979 1968 nequeenim
996 1873 1162 1970 ambigue

188 1988 396 2080 fremebant,
428 1999 456 2034 “
474 1991 607 2065 emissas
636 2016 658 2062 a
689 1990 921 2086 Mogontiaco
954 1993 1161 2065 Batavomm

189 2115 216 2151 “
234 2112 406 2199 cohortes,
441 2110 665 2184 dissimulatos
697 2108 818 2180 Civilis
846 2131 1001 2199 conatus,
1042 2110 1161 2184 adsciri

189 2228 270 2301 “in
297 2227 493 2302 societatem
520 2232 735 2301 Germanos:
766 2252 836 2299 non
864 2226 972 2298 Primi
997 2228 1160 2319 Antonii,

127 2417 131 2424 .
191 2354 218 2390 “
237 2372 351 2444 neque
378 2346 538 2420 Muciani
562 2372 629 2443 ope
645 2345 888 2441 Vespasianum
906 2346 1018 2444 magis
1041 2348 1159 2420 adole-

188 2473 217 2509 “
235 2466 335 2540 vilse:
374 2486 492 2563 aperta
522 2466 616 2554 odia,
658 2490 822 2561 armaque
857 2466 972 2560 palam
1004 2465 1157 2561 depelli:

189 2592 216 2627 “
233 2583 390 2658 fraudem
413 2589 446 2658 ὅτ
463 2586 600 2674 dolum,
618 2582 777 2672 obscura,
796 2582 906 2678 edque
924 2582 1157 2657 inevitabilia:

187 2710 215 2745 “
233 2702 383 2776 Civilem
395 2703 479 2776 stare
490 2703 623 2791 contra,
636 2703 761 2776 struere
773 2702 897 2785 aciem;
911 2702 1161 2776 Hordeonium

187 2828 215 2863 “
232 2821 424 2895 ecubiculo
438 2827 471 2894 δι
491 2823 617 2893 ΙεᾶυΙο
633 2819 770 2916 jubere,
782 2819 953 2916 quidquid
971 2819 1057 2891 hosti
1074 2845 1159 2892 con·

185 2947 213 2984 “
232 2942 347 3012 ducat.
396 2941 469 3012 Tot
485 2962 632 3013 armatas
642 2938 900 3010 sortilsrmorum
918 2936 1069 3008 virorum
1083 2962 1158 3009 ma·

186 3068 215 3103 “
232 3087 310 3148 nus,
329 3058 429 3133 unius
453 3059 538 3133 senis
559 3056 756 3131 valetudine
776 3056 859 3153 regi.
909 3055 1005 3151 Qun
1027 3055 1155 3152 potibs,

185 3187 213 3224 “
231 3178 409 3252 intersedo
426 3177 602 3263 traditore,
621 3174 793 3247 fortunam
810 3174 1046 3269 virtutemque
1061 3172 1157 3246 suam

186 3305 214 3343 “
232 3299 326 3369 malo
342 3297 459 3368 omine
476 3293 726 3366 exsolverent.’'
776 3291 845 3364 His
863 3291 948 3364 inter
965 3292 998 3363 se
1011 3291 1156 3364 vocibus

182 3415 358 3487 instindlos
383 3414 606 3487 flammavere
630 3409 765 3506 insuper
777 3409 898 3481 adlata:
916 3434 936 3480 a
953 3408 1155 3503 Vespasrano

181 3535 301 3623 literae,
316 3557 398 3630 quas
413 3534 570 3618 Flaccus,
589 3529 670 3626 quia
686 3527 850 3600 occultari
869 3526 1071 3623 nequibant,
1089 3553 1154 3622 pro

183 3651 347 3725 concione
366 3648 544 3733 recitavit;
572 3646 786 3742 vindosque,
813 3643 873 3740 qui
894 3647 1086 3733 attulerant,
1108 3647 1152 3738 ad

182 3768 362 3845 Vitellium
379 3766 480 3839 misit.

628 3884 650 3954 S
676 3907 696 3953 2
