3000 5144
468 558 1084 636 Hrsroxrnxvanra.lll.
1198 571 1263 665 185

300 729 565 828 agnoscensque,
591 736 624 804 δι
641 731 849 829 exsanguem
865 736 1061 829 amplexus,
1093 759 1177 808 voce
1204 740 1266 810 fle-

295 848 359 920 bili
387 852 591 944 precabatur
615 853 808 947 “placatos
832 854 935 947 patris
964 877 1095 941 manes,
1122 880 1209 927 neve
1233 855 1267 927 se

299 973 381 1039 “ut
408 968 610 1063 parricidam
639 968 889 1041 aversarentur:
918 970 1095 1065 publicum
1120 971 1156 1041 id
1182 971 1265 1045 faci-

300 1090 326 1126 “
343 1110 430 1170 nus:
457 1089 490 1157 &
506 1111 615 1158 unum
640 1087 786 1159 militem
805 1110 946 1184 quotam
970 1088 1126 1162 civilium
1152 1116 1264 1164 armo-

298 1210 325 1246 ‘⁴
343 1229 422 1276 rum
447 1225 577 1300 partem
591 1207 631 1277 ?''
655 1206 763 1278 Simul
788 1208 942 1279 attollere
965 1232 1101 1303 corpus,
1135 1208 1265 1303 aperire

294 1323 461 1412 humum,
498 1323 656 1420 supremo
687 1350 768 1422 erga
801 1343 976 1420 parentem
1007 1324 1122 1397 officio
1151 1325 1263 1423 fungi.

295 1441 487 1514 Advertere
501 1442 667 1538 proximi,
696 1443 821 1515 deiude
838 1445 976 1539 plures:
1005 1442 1084 1514 hinc
1109 1470 1168 1539 per
1184 1471 1261 1517 om-

295 1584 377 1634 nem
402 1562 510 1632 aciem
539 1561 758 1651 miraculum,
791 1566 824 1634 &
846 1561 995 1657 questus,
1031 1565 1065 1633 &
1098 1562 1263 1637 saevissimi

293 1679 375 1751 belli
402 1678 609 1751 exsecratio:
637 1704 700 1753 nec
723 1705 764 1751 eo
792 1678 925 1776 segnius
950 1680 1175 1777 propinquos,
1200 1684 1262 1755 ad·

294 1799 393 1886 lines,
423 1797 538 1871 fratres
564 1798 748 1871 trucidatos
765 1798 932 1894 spoliant:
959 1796 1088 1872 fanum
1109 1803 1175 1873 else
1189 1800 1260 1875 sce-

292 1915 345 1988 lus
363 1919 564 2012 loquuntur,
589 1915 797 2015 faciuntque.

341 2039 476 2109 XXVI.
502 2040 564 2109 Ur
583 2039 791 2110 Cremonam
804 2040 942 2127 venere,
962 2063 1093 2110 novum
1109 2037 1257 2111 immen-

238 2190 265 2217 κ
291 2150 436 2252 sumque
453 2182 542 2252 opus
554 2156 713 2229 occurrit.
762 2156 962 2229 Othoniano
980 2158 1086 2247 bello,
1110 2159 1258 2231 Germa-

289 2275 386 2348 nicus
414 2273 510 2346 miles
540 2274 713 2347 moenibus
745 2276 1026 2348 Cremonensium
1056 2275 1159 2349 castra
1186 2276 1256 2367 sua,

292 2393 406 2465 castris
434 2395 564 2465 vallum
593 2392 848 2491 circumjecerat
862 2422 873 2480 3
909 2419 1017 2492 eaque
1044 2395 1260 2470 munimenta

290 2511 401 2585 rursus
427 2532 591 2584 auxerat:
620 2538 770 2608 quorum
794 2512 928 2609 asperto
951 2515 1079 2586 haesere
1097 2514 1254 2605 viliores,

290 2629 427 2703 incertis
443 2630 603 2717 ducibus,
626 2629 711 2725 quid
720 2628 894 2724 juberent.
945 2629 1106 2727 Incipere
1117 2659 1255 2732 oppug-

290 2748 479 2837 nationem,
524 2747 608 2821 fello
637 2775 698 2845 per
725 2749 820 2822 diem
850 2751 1057 2846 nollemque
1089 2752 1252 2841 exercitu,

288 2869 449 2956 arduum,
476 2872 524 2955 δι,
544 2865 920 2963 nullojuxtasubsrdiO,
946 2892 1097 2964 anceps:
1127 2873 1173 2942 fin
1190 2873 1253 2943 Be-

273 2986 441 3059 'briacum
464 2986 623 3077 redirent,
654 2986 886 3059 intolerandus
913 3006 986 3058 tam
1015 2987 1111 3083 longi
1127 2987 1254 3061 itineris

287 3106 397 3193 labor,
424 3110 456 3177 δι
487 3105 629 3176 victoria
656 3106 699 3176 ad
726 3104 861 3176 irritum
883 3107 1145 3178 revolvebatur:
1172 3132 1250 3179 rnu-

287 3223 358 3297 nire
383 3224 512 3309 castra:
542 3223 578 3295 id
602 3248 743 3319 quoque
768 3223 971 3319 propinquis
999 3223 1153 3297 hostibus
1181 3223 1249 3297 for-

286 3343 506 3431 midolosum,
535 3367 578 3414 ne
594 3336 769 3438 dispersos,
790 3345 926 3436 &opus
943 3341 1121 3415 molientes
1141 3342 1250 3417 subita

283 3462 464 3557 eruptione
479 3462 666 3533 turbarent.
715 3465 804 3557 Qrae
825 3458 921 3555 super
937 3462 1072 3549 cuncla,
1099 3465 1248 3535 terrebat

283 3579 430 3676 ipsorum
455 3580 565 3667 miles,
599 3579 740 3674 periculi
769 3579 875 3675 quam
902 3602 1007 3650 morae
1037 3577 1245 3675 patientior:

281 3699 423 3796 Qrippe
453 3700 598 3793 ingrata,
631 3722 718 3793 quae¹
734 3716 831 3782 tuta:
865 3722 909 3769 ex
934 3696 1119 3769 temeritate
1147 3696 1244 3793 spes:

280 3818 461 3914 omnisque
484 3818 606 3904 caedes,
626 3821 658 3888 δι
677 3819 832 3908 vulnera,
857 3820 890 3887 δι
915 3814 1070 3912 sanguis,
1084 3815 1247 3891 aviditate

281 3938 404 4036 praeda:
423 3934 656 4035 pensabuntur.
