3000 5144
385 438 982 515 H1sron1anunL1n.1.
1131 465 1171 534 31

206 615 382 690 trahantur
404 618 632 710 compositum
650 616 861 709 auctumque
877 637 1066 701 rumorem,
1085 612 1178 684 mix·

207 736 251 806 tis
272 732 345 831 jam
369 732 589 820 Othonianis,
614 733 675 830 qui
704 733 748 803 ad
771 731 989 804 evocandum
1012 733 1177 823 Galbam,

201 853 280 925 laeta
295 849 381 929 falsb
394 851 630 947 vulgaverint.

254 971 410 1043 XXXV.
436 970 532 1040 Tunt
547 967 629 1041 verb
646 993 717 1040 non
733 969 880 1064 populus
892 971 1044 1057 tantbm,
1061 973 1092 1042 &
1112 969 1178 1041 im-

207 1088 313 1184 perita
336 1089 433 1183 plebs
456 1088 491 1158 in
515 1087 664 1183 plausus,
694 1091 726 1158 δι
753 1088 943 1161 immodica
970 1088 1095 1176 studia,
1123 1086 1182 1159 sed

208 1207 366 1302 equitum
393 1206 560 1303 plerique,
587 1231 627 1278 ac
649 1205 857 1294 senatorum,
881 1210 986 1302 posito
1011 1227 1105 1278 metu
1128 1206 1181 1277 in·

207 1325 312 1413 cauti,
340 1323 490 1397 refractis
519 1324 634 1421 palatii
658 1325 801 1414 foribus,
831 1351 928 1398 ruere
951 1325 1056 1414 intus,
1079 1351 1119 1398 ac
1150 1323 1184 1397 se

208 1445 331 1516 Galbae
345 1443 525 1532 ostentare,
545 1451 572 1486 ‘⁴
588 1463 791 1541 praereptam
810 1443 870 1516 srbi
889 1444 1080 1516 ultionem”
1098 1468 1182 1539 que·

209 1581 332 1635 rentes.
383 1561 622 1658 Ignaviffimus
647 1561 805 1658 quisque,
834 1567 883 1651 δι,
910 1583 949 1634 ut
974 1588 1024 1635 res
1048 1559 1202 1650 docuit,

213 1680 248 1751 in
267 1679 416 1776 periculo
433 1705 502 1752 non
527 1682 680 1769 ausurus,
705 1680 804 1752 nimii
823 1680 950 1769 verbis,
977 1681 1105 1778 linguae
1131 1679 1182 1753 fe·

214 1822 329 1870 roces:
361 1823 465 1869 nemo
491 1795 587 1886 scire,
621 1803 654 1870 ac
689 1823 810 1870 omnes
836 1800 1026 1871 affirmare:
1070 1800 1183 1871 donec

211 1915 326 2012 inopial
342 1917 426 2004 veri,
454 1921 487 1987 δι
512 1915 673 1990 consensu
698 1916 887 1989 errantium
903 1917 1028 2006 victus,
1047 1916 1184 2014 sumpto

212 2037 364 2124 thorace,
395 2037 521 2125 Galba,
540 2035 688 2109 inruenti
704 2038 827 2125 turbae,
853 2060 968 2132 neque
985 2057 1098 2125 atate,
1124 2061 1186 2109 ne·

213 2180 283 2251 que
312 2180 454 2250 corpore
482 2155 607 2243 sistens,
632 2153 710 2227 selll
739 2157 918 2227 levaretur,
976 2153 1125 2243 Obvius,
1151 2153 1186 2226 in

214 2274 338 2369 palatio
362 2273 474 2367 Julius
506 2274 642 2347 Atticus
671 2272 876 2369 speculator,
904 2293 1085 2346 cruentum
1112 2275 1186 2369 gla-

212 2392 313 2465 dium
337 2393 519 2481 ostentans,
547 2399 574 2434 “
594 2391 743 2464 occisum
761 2417 781 2462 a
797 2388 829 2462 se
844 2392 1046 2464 Othonem’'
1071 2395 1188 2464 excla-

217 2511 335 2582 mavit.
387 2513 433 2581 Et
450 2512 577 2598 Galba,
604 2518 631 2552 “
645 2509 890 2598 Commilit0,”
914 2510 1039 2608 inquit,
1064 2519 1091 2554 “
1111 2511 1190 2607 quis

219 2636 247 2672 ‘⁴
257 2627 348 2724 juffit
361 2628 401 2701 ?''
418 2628 542 2725 insigni
558 2629 676 2701 animo
692 2628 737 2699 ad
762 2631 991 2702 coercendam
1009 2631 1192 2704 militarem

217 2746 406 2834 licentiam,
436 2746 646 2821 minantibus
674 2746 878 2842 intrepidus,
908 2749 1069 2822 adversbs
1093 2751 1190 2822 blau·

218 2864 349 2937 dientes
365 2864 591 2959 incorruptus.

267 2985 440 3056 XXXVI.
468 2985 594 3055 Hnon
613 2985 728 3057 dubia
747 2983 875 3081 jamin
899 2985 1015 3058 castris
1032 2986 1192 3059 omnium

221 3122 375 3186 mentes;
415 3101 595 3198 tantusque
628 3105 744 3190 artlor,
779 3124 817 3174 ut
844 3130 913 3175 non
947 3105 1100 3177 contenti
1129 3131 1191 3202 ag·

223 3221 331 3310 mine,
361 3226 394 3293 ὃ(
416 3223 628 3318 corporibus,
657 3223 693 3293 in
716 3219 891 3318 suggestu,
923 3222 958 3292 in
982 3248 1052 3318 quo
1076 3225 1193 3318 paullo

215 3341 303 3411 ante
336 3365 438 3412 aurea
465 3343 586 3414 Galbae
621 3341 728 3413 statua
760 3339 881 3428 fuerat,
911 3342 1067 3412 medium
1103 3341 1192 3414 inter

225 3463 320 3557 signa
343 3461 523 3531 Othonem
552 3460 687 3532 vexillis
714 3459 976 3531 circumdarent.
1026 3461 1104 3531 Nec
1133 3458 1193 3530 tri-

224 3578 338 3666 bunis,
369 3598 428 3648 aut
458 3577 728 3665 centurionibus,
758 3577 908 3649 adeundi
929 3578 1042 3650 locus:
1072 3603 1194 3674 grega-

225 3697 295 3769 rius
320 3697 419 3768 miles
444 3703 471 3737 “
486 3696 622 3768 caveri''
638 3695 775 3791 insuper
802 3703 829 3737 “
849 3698 1067 3790 praeposrtos''
1091 3693 1194 3792 jube·

225 3819 297 3887 bat.
350 3817 505 3913 Strepere
526 3817 650 3889 cuncta
669 3814 890 3905 clamoribus,
914 3820 948 3888 δι
972 3817 1137 3906 tumultu,
1161 3818 1195 3886 δι
