3000 5144
333 618 378 667 22
541 595 1112 668 C.Conuar.11Tnc1rr

335 776 360 810 “
379 771 532 840 transitus
564 796 700 842 rerum:
744 796 807 843 nec
840 772 1058 845 constatione
1097 796 1198 868 opus,
1236 771 1300 846 ubi

333 893 360 929 “
380 887 595 982 perniciosior
612 892 648 960 sit
666 889 776 985 quiec,
806 893 912 985 quam
929 891 1113 962 temeritas.
1139 893 1299 963 Mortem

335 1012 363 1047 “
381 1006 543 1078 omnibus
571 1033 615 1079 ex
645 1012 761 1080 naturh
790 1009 973 1105 aequalem,
1003 1006 1182 1080 oblivione
1205 1009 1301 1103 apud

334 1132 360 1167 “
380 1125 541 1220 posteros,
571 1129 625 1199 vel
651 1127 759 1223 gloria
774 1127 948 1224 distingui.
1002 1133 1054 1200 Ac
1074 1130 1095 1198 sl
1114 1146 1299 1198 nocentem

334 1243 667 1341 “innocentemque
703 1246 797 1317 idem
835 1244 945 1317 exitus
974 1264 1124 1334 maneat,
1161 1243 1300 1316 acrioris

334 1369 361 1403 “
379 1361 442 1433 viri
467 1366 545 1450 esse,
573 1362 697 1435 meriti>
722 1363 865 1459 perire.''

381 1484 500 1553 XXII.
526 1483 618 1551 Nou
647 1500 716 1552 erat
743 1481 893 1553 Othonis
929 1481 1058 1568 mollis,
1101 1485 1134 1552 &
1165 1481 1302 1578 corpori

333 1598 447 1670 similis
464 1598 609 1669 animus.
661 1600 706 1668 Et
736 1598 851 1670 intimi
877 1599 1079 1671 libertorum
1106 1598 1299 1672 servorum-

333 1742 403 1812 que
432 1716 633 1810 corruptibs,
662 1717 769 1812 quam
799 1716 833 1787 in
867 1717 999 1813 privath
1025 1719 1147 1805 domo,
1177 1719 1299 1809 habiti,

333 1836 449 1907 aulam
479 1833 644 1922 Neronis,
668 1838 701 1905 δι
729 1835 843 1922 luxus,
867 1835 1045 1924 adulteria,
1069 1834 1300 1927 matrimonia,

334 1950 526 2048 ceterasque
558 1954 746 2050 regnorum
773 1952 945 2042 libidines,
970 1953 1076 2025 avido
1097 1953 1233 2043 talium,
1278 1958 1303 2027 st

334 2071 488 2159 auderet,
513 2092 550 2142 ut
567 2071 624 2143 sua
651 2072 879 2157 ostentantes3
898 2068 1095 2168 quiescenti,
1131 2092 1170 2143 ut
1192 2071 1303 2145 aliena

334 2192 614 2284 exprobrabant:
661 2189 865 2286 urgentibus
896 2189 1000 2262 etiam
1033 2189 1300 2280 mathematicis,

334 2308 424 2378 dum
447 2314 473 2348 “
493 2332 603 2378 novos
622 2326 749 2395 motus,
774 2312 807 2380 δι
842 2309 973 2380 clarum
994 2307 1128 2379 Othoni
1156 2332 1301 2398 annum,

335 2433 363 2468 “
381 2422 616 2497 observatione
654 2427 840 2514 fiderum‚”
873 2427 1068 2498 affirmant:
1104 2450 1211 2522 genus
1238 2429 1302 2498 ho-

333 2542 481 2629 minum,
518 2543 715 2638 potentibus
749 2544 911 2633 infidum,
941 2543 1150 2640 sperantibus
1182 2544 1302 2635 fallax,

334 2664 431 2757 quod
460 2661 495 2733 in
523 2663 658 2734 civitate
688 2663 799 2734 nostra
833 2668 865 2735 bc
897 2663 1067 2735 vetabitur
1098 2661 1241 2759 semper,
1267 2668 1300 2737 δε

338 2779 549 2852 retinebitur.
600 2783 736 2853 Multos
760 2781 885 2854 secreta
912 2784 1071 2877 Poppaeae
1088 2780 1304 2854 mathemati·

336 2924 408 2985 cos,
443 2902 621 2993 pessrmum
650 2898 852 2994 Principalis
870 2899 1081 2972 matrimonii
1097 2899 1302 2972 instrumen-

336 3036 425 3105 tum,
452 3021 661 3091 habuerant:
699 3043 718 3089 e
747 3017 886 3114 quibus,
919 3021 1139 3106 Ptolemaeus,
1172 3018 1304 3093 Othoni

337 3137 373 3208 in
408 3137 575 3232 Hispani&
608 3161 738 3224 comes,
769 3137 849 3209 cion
895 3145 921 3180 “
938 3134 1190 3234 superfuturum
1222 3162 1304 3209 eum

338 3263 365 3299 “
385 3256 541 3328 Neroni”
569 3253 781 3349 promisisset,
800 3255 982 3352 postquam
999 3282 1044 3329 ex
1060 3277 1185 3328 eventu
1203 3258 1302 3346 fides,

340 3373 532 3471 conjedurh
550 3373 638 3470 jam,
666 3378 698 3447 &
718 3399 866 3463 mmore,
889 3373 1017 3447 senium
1035 3376 1171 3463 Galbae,
1196 3379 1229 3447 δι
1243 3371 1302 3470 ju·

337 3515 477 3565 ventam
490 3490 636 3565 Othonis
648 3492 938 3588 computantium,
952 3490 1163 3588 persuaserat,
1178 3492 1205 3534 “'
1216 3492 1302 3581 sore,

340 3619 367 3654 “
387 3632 424 3683 ut
442 3612 477 3682 in
496 3611 679 3706 imperium
697 3609 970 3684 adscisceretur.''
1006 3613 1071 3683 Sed
1088 3611 1196 3700 otho,
1214 3631 1303 3683 tam-

339 3755 446 3825 quam
470 3728 590 3825 peritia
616 3734 649 3799 δι
674 3727 809 3801 monitu
834 3726 982 3801 satorum
1011 3728 1188 3824 praedida,
1214 3727 1304 3802 acci-

340 3847 470 3944 piebat,
498 3846 662 3942 cupidine
679 3845 807 3942 ingenii
825 3846 968 3919 humani
986 3846 1147 3920 libentibs
1164 3846 1306 3923 obscura

340 3964 518 4041 credentis.
568 3967 646 4039 Nec
669 3965 784 4039 deerat
812 3965 1032 4055 Ptolemaeus,
1053 3961 1129 4062 jam
1155 3966 1305 4041 &scele-
