3000 5144
397 541 781 614 Hrsrontanuu
815 539 923 613 Lan.
945 541 975 611 1.
1122 561 1166 637 59

203 728 309 799 cenet,
337 706 410 799 sed,
436 737 480 785 ne
496 713 597 786 hostis
618 734 751 786 metum
769 709 1055 785 reconciliationis
1071 710 1170 782 adhi-

202 833 312 920 beret,
337 829 451 903 statim
467 830 553 904 inter
569 832 708 904 intimos
723 832 853 904 amicos
870 830 1002 918 habuit,
1034 834 1066 901 &
1085 852 1171 902 mox

201 950 296 1022 bello
317 949 404 1021 inter
426 950 532 1023 duces
548 949 696 1047 delegit:
727 953 917 1044 mansitque
934 946 1046 1035 Celso,
1076 948 1173 1019 velut

199 1065 358 1156 fataliter,
387 1068 490 1140 etiam
508 1093 572 1164 pro
589 1070 729 1140 Othone
745 1069 830 1140 fides
854 1067 998 1163 integra,
1024 1069 1057 1138 δι
1083 1063 1169 1137 infe·

201 1186 265 1259 lix.
314 1188 413 1259 Laeta
430 1185 636 1281 primoribus
660 1184 820 1273 civitatis,
850 1184 1017 1256 celebrata
1041 1182 1076 1254 in
1094 1183 1170 1253 vul·

201 1330 267 1401 gus
283 1306 371 1377 Celfi
388 1301 487 1392 salus,
516 1328 561 1376 ne
583 1302 750 1375 militibus
773 1301 917 1400 quidem
939 1301 1073 1397 ingrata
1089 1298 1169 1389 suit,

198 1424 358 1495 eamdent
376 1423 539 1494 virtutem
555 1420 816 1510 admirantibus,
836 1420 890 1493 cui
907 1418 1144 1492 irascebantur.

250 1543 406 1613 LXXII.
432 1544 514 1613 Pan
538 1540 618 1612 inde
641 1537 831 1627 exsultatio,
861 1537 1050 1634 disparibus
1067 1540 1172 1609 causas

204 1658 399 1747 consecuta,
423 1659 606 1754 impetrato
628 1657 795 1754 Tigellini
812 1657 929 1730 exitio.
978 1655 1173 1752 Sophonius

201 1777 412 1876 Tigellinus,
446 1775 598 1849 obscuris
639 1776 850 1873 parentibus,
890 1775 984 1848 foeda
1017 1775 1171 1872 pueritid,

201 1895 383 1992 impudicd
398 1894 543 1984 seneclal,
573 1895 812 1992 praefesluram
830 1895 977 1991 vigilum
995 1900 1028 1968 δι
1048 1915 1172 1990 praeto·

200 2014 255 2103 rii,
285 2019 318 2088 δι
349 2012 415 2085 alia
441 2013 584 2110 praemia
601 2014 784 2103 virtutum,
812 2014 892 2110 quia
920 2014 1072 2086 velocius
1104 2035 1174 2088 erat

199 2132 291 2205 vitiis
307 2132 465 2227 adeptus,
478 2132 713 2205 crudelitatem
729 2157 827 2221 mox,
844 2130 971 2206 deinde
982 2132 1172 2223 avaritiam,

203 2254 237 2323 &
262 2249 374 2324 virilia
391 2248 512 2323 scelera
529 2251 704 2324 exercuit:
733 2271 895 2347 corrupto
922 2252 965 2323 ad
992 2277 1097 2325 omne
1121 2251 1171 2328 fa-

201 2368 299 2443 cinus
316 2370 474 2457 Nerone,
494 2370 656 2466 quaedam
679 2369 798 2467 ignaro
815 2368 926 2460 ausus,
945 2396 984 2443 ac
1000 2370 1173 2467 postremo

200 2487 353 2586 ejusdem
377 2486 524 2561 desertor
548 2511 589 2561 ac
614 2488 780 2584 proditor.
831 2489 938 2561 Unde
965 2515 1037 2561 non
1061 2489 1169 2562 alium

203 2605 406 2705 pertinacius
421 2608 466 2679 ad
483 2632 623 2704 poenam
641 2606 854 2704 flagitans&
880 2607 1015 2683 diverso
1032 2611 1171 2700 asseslu,

202 2727 330 2823 quibus
357 2724 479 2797 odium
507 2725 654 2797 Neronis
684 2726 802 2815 inerat,
833 2731 866 2800 δι
892 2728 1016 2823 quibus
1042 2729 1173 2800 defide-

201 2844 304 2917 rium.
356 2844 467 2938 Apud
484 2845 633 2916 Galbam
656 2847 702 2915 T.
722 2845 817 2917 Vinii
835 2845 986 2941 potentiss
1002 2844 1171 2936 defensus,

202 2961 422 3058 praetexentis
459 2960 673 3035 “servatam
701 2965 746 3035 ab
770 2989 812 3036 eo
839 2964 993 3040 filiam:”
1019 2970 1052 3038 &
1080 2966 1173 3038 haud

203 3081 310 3152 dubie
326 3080 529 3168 servaverat,
547 3107 618 3153 non
636 3082 818 3155 clementias
835 3082 984 3179 (quippe
1001 3102 1052 3154 tot
1069 3082 1173 3155 inter·

201 3195 315 3292 festis)
334 3198 389 3271 sed
408 3199 537 3296 effugio
559 3199 592 3271 in
610 3199 786 3273 futurum:
808 3201 887 3297 quia
904 3204 1062 3296 pellimus
1080 3200 1171 3297 quis-

203 3342 286 3414 que,
309 3317 500 3391 diffidentia
528 3317 744 3414 praesentium
771 3319 1000 3391 mutationem
1030 3344 1171 3414 pavens,

203 3437 365 3509 adversus
384 3436 563 3532 publicum
586 3437 707 3509 odium
726 3437 894 3533 privatam
913 3436 1057 3534 gratiam
1086 3463 1173 3534 prae·

203 3573 323 3650 parat:
351 3556 445 3627 unde
461 3557 555 3627 nulla
572 3556 776 3632 innocentiae
795 3581 888 3644 cura,
918 3553 975 3626 sed
992 3554 1084 3627 vices
1107 3555 1173 3629 im-

204 3671 376 3767 punitatis.
427 3674 482 3746 Eo
507 3673 665 3746 infensior
690 3677 851 3771 populus,
874 3674 990 3746 addital
1016 3675 1174 3748 advetus

203 3789 371 3888 Tigellini
389 3792 510 3865 odium
535 3793 664 3864 recenti
681 3795 726 3865 T.
749 3793 844 3864 Vinii
861 3793 1002 3882 invidifi,
1029 3819 1172 3867 concur·

204 3933 276 3987 rete
293 3934 313 3984 e
328 3914 402 3984 total
424 3913 522 3984 Urbe
538 3909 575 3983 in
591 3912 756 4008 palatium
773 3938 813 3987 ac
830 3912 916 4005 sora,
943 3915 992 4003 ἃ,
1018 3912 1078 3986 ubi
1096 3915 1172 4011 plu·
