3000 5144
351 537 755 651 Hrsronrrtnuu
787 577 900 649 Lrn.
925 578 971 648 V.
1087 601 1156 674 329

188 765 252 834 rat,
277 745 389 843 et'rque
412 749 595 821 seditiosius
619 752 779 846 agebant.
827 752 914 823 Tres
931 752 1050 840 duces,
1075 749 1159 821 toti·

186 866 270 937 dem
281 866 461 939 exercitus.
508 868 678 940 vExtrema
697 874 729 939 δι
748 867 904 939 latiffima
919 869 1090 940 moenium
1107 868 1157 940 Si-

187 1009 293 1070 mon;
321 986 473 1057 mediam
496 990 617 1059 urbem
643 987 807 1077 Joannes,
833 1012 939 1081 quem
963 992 996 1058 ἃ
1014 985 1158 1081 Bargio-

186 1129 261 1175 ram
292 1107 487 1188 vocabant3
526 1106 697 1200 templum
734 1107 921 1177 Eleazarus
954 1108 1161 1177 firmaverat.

187 1222 464 1295 Multitudine&
483 1224 587 1294 armis
603 1227 767 1317 Joannes,
785 1249 825 1295 ac
841 1224 960 1296 Simon
973 1253 999 1309 ;·
1016 1225 1161 1296 Eleaza-

189 1366 246 1413 rus
275 1343 353 1413 loco
377 1343 541 1436 pollebat.
591 1343 657 1413 Sed
689 1342 825 1438 proelia,
855 1343 971 1430 dolus,
1002 1342 1161 1415 incendia

187 1458 274 1532 inter
291 1457 392 1555 ipsos,
413 1464 445 1531 &
465 1485 591 1556 magua
608 1460 659 1532 vis
674 1460 837 1532 frumenti
855 1461 1019 1533 ambusta.
1068 1463 1161 1534 Mox

189 1580 354 1671 Joannes,
378 1577 482 1649 millis
500 1603 559 1673 per
576 1579 724 1673 speciem
742 1578 966 1668 sacrificandi,
985 1580 1043 1676 qui
1058 1582 1158 1651 Elea-

190 1723 309 1768 zarum
326 1723 539 1793 manumque
564 1696 634 1794 ejus
656 1700 914 1787 obtruncarent,
943 1701 1076 1794 templo
1098 1724 1162 1794 po·

188 1815 291 1888 titur:
320 1815 366 1888 ita
384 1817 417 1888 in
435 1818 520 1888 duas
538 1815 702 1887 fasliones
720 1816 840 1888 civitas
856 1815 1009 1906 discessit,
1035 1817 1161 1907 donec,

80 1934 82 1939 ’
189 1935 499 2031 propinquantibus
522 1934 705 2023 Romanis,
725 1936 856 2006 bellum
874 1955 1056 2008 externum
1078 1963 1161 2010 con·

190 2055 344 2126 cordiam
372 2074 513 2148 pareret.

238 2174 339 2245 Xlll.
367 2175 616 2245 Evouannur
645 2172 819 2270 prodigia,
846 2199 924 2270 quae
953 2199 1065 2271 neque
1088 2173 1164 2247 hos·

188 2291 243 2363 tiis
261 2317 374 2387 neque
396 2292 484 2364 votis
506 2292 601 2388 piare
625 2291 674 2364 sas
691 2294 795 2364 habet
812 2318 910 2389 gens,
936 2291 1163 2390 superstitioni

188 2409 355 2498 obnoxia,
386 2410 609 2507 religionibus
639 2409 788 2484 adversa.
838 2411 927 2485 Visae
954 2438 1014 2508 per
1039 2414 1164 2486 caelum

189 2553 390 2601 concurrere
405 2529 508 2617 acies,
527 2529 697 2602 rutilantia
713 2555 822 2618 arma,
842 2535 874 2602 δι
892 2529 1003 2603 subito
1015 2531 1163 2603 nubium

189 2647 270 2744 igne
294 2649 461 2721 collucere
485 2651 668 2744 templum.
720 2650 880 2744 Expall'ae
903 2650 1042 2744 repente
1066 2649 1163 2721 delu-

189 2765 243 2839 bri
260 2764 372 2851 sores3
403 2767 573 2839 &audita
596 2766 706 2864 major
728 2769 880 2838 humanda
898 2792 984 2854 voit,
1016 2775 1043 2810 “
1062 2793 1163 2841 exce-

191 2893 218 2928 “
237 2887 318 2958 dere
342 2887 426 2958 deos
441 2887 478 2956 :''
505 2888 603 2957 simul
630 2885 750 2982 ingens
776 2906 890 2957 motus
907 2885 1162 2959 excedentium.

190 3010 280 3103 Qae
297 3003 400 3101 pauci
420 3004 454 3075 in
474 3025 606 3077 metum
628 3007 827 3077 trahebant:
856 3003 1012 3100 pluribus
1029 3006 1163 3101 persua·

187 3129 233 3198 fio
250 3125 369 3213 inerat,
398 3123 548 3220 antiquis
565 3122 778 3197 sacerdotum
796 3123 900 3195 literis
916 3123 1098 3214 contineri,
1124 3151 1166 3198 eo

188 3243 260 3339 ipso
277 3262 434 3338 tempore
451 3239 537 3331 sore,
565 3250 593 3285 ‘⁶
612 3263 651 3316 ut
667 3242 849 3315 valesceret
864 3241 1000 3332 Oriens,
1027 3242 1161 3338 prosec-

192 3369 219 3404 “
237 3363 331 3458 tique
348 3361 470 3455 Judaea
487 3386 600 3433 rerum
615 3361 840 3457 potirentur.’'
889 3365 979 3458 Qiae
999 3364 1163 3461 ambages

190 3479 433 3574 Vespasranum
450 3505 490 3551 ac
503 3480 629 3553 Titum
647 3480 887 3576 praedixerant.
937 3481 1004 3552 Sed
1021 3483 1161 3579 vulgus,

191 3624 288 3671 more
306 3600 465 3671 humanae
482 3597 666 3695 cupidinis,
679 3598 738 3672 sibi
752 3618 882 3671 tantam
899 3596 1047 3672 fatorum
1064 3625 1163 3698 mag-

191 3717 386 3791 nitudinem
403 3717 631 3813 interpretati,
650 3742 693 3789 ne
710 3718 856 3789 adversis
869 3717 1012 3812 quidem
1025 3717 1069 3788 ad
1085 3743 1164 3793 vera

190 3838 425 3909 mutabantur.
498 3835 764 3908 Multitudinem
805 3834 1011 3908 obsessorum
1052 3839 1165 3913 omnis

189 3955 310 4045 atatis,
325 3955 423 4029 virile
444 3979 484 4031 ac
502 3954 668 4030 muliebre
684 3953 792 4047 secus,
813 3951 974 4030 sexcenta
989 3953 1097 4033 millia
1109 3956 1163 4034 fu.
