3000 5144
434 532 827 606 H1sronrnnunr
869 533 981 605 Ltn.
1004 532 1067 604 IV.
1164 534 1234 630 285

266 715 395 772 raretur
411 726 498 796 opus
515 702 596 775 saxo
612 728 755 791 aurove,
782 704 816 776 in
833 705 924 777 aliud
942 704 1120 777 destinato.
1170 705 1235 776 Al-

266 818 380 891 titudo
402 821 535 894 adibus
552 820 692 918 adjesta.
742 822 783 894 Id
796 821 905 895 solum
923 821 1044 919 religio
1060 824 1233 896 adnuere:

267 940 301 1009 δι
320 937 440 1033 prioris
458 940 580 1035 templi
597 939 862 1036 magnificentia
886 939 1029 1013 defuiffe
1049 940 1234 1030 creditum,

265 1081 339 1153 quo
352 1076 448 1129 tanta
464 1057 514 1129 vis
528 1058 711 1130 hominum
729 1058 905 1132 retinenda
921 1078 1003 1131 erat.

311 1177 409 1247 LIV.
436 1181 600 1248 Aunrrn
625 1176 763 1248 interim
787 1203 848 1273 per
865 1178 996 1250 Gallias
1020 1176 1235 1250 Germanias-

266 1318 335 1389 que
352 1319 446 1367 mors
463 1293 592 1365 Vitellii
617 1294 851 1389 duplicaverat
871 1297 1013 1368 bellum.
1061 1297 1158 1367 Nam
1175 1295 1235 1367 Ci-

265 1412 357 1501 vilis,
371 1410 492 1484 omissi
507 1411 783 1501 dissimulatione,
797 1413 832 1486 in
850 1416 1020 1510 populum
1033 1417 1236 1488 Romanum

263 1555 374 1603 ruere.
424 1530 617 1603 Vitellianae
653 1531 806 1628 legiones
840 1535 895 1605 vel
924 1553 1107 1605 externum
1136 1533 1235 1605 servi-

264 1648 369 1739 tium,
412 1648 519 1745 quim
552 1652 805 1745 Imperatorem
839 1648 1081 1748 Vespasianum
1121 1654 1235 1724 malle.

263 1768 357 1840 Galli
380 1768 578 1841 sustulerant
599 1767 744 1857 animos,
775 1769 935 1842 eamdem
955 1769 1086 1866 ubique
1103 1770 1234 1843 exerci-

262 1906 362 1960 tuum
389 1887 584 1959 nostrorum
608 1886 783 1960 fortunam
805 1887 888 1960 rati:
917 1889 1061 1985 vulgato
1082 1914 1234 1978 rumore,

263 2013 291 2050 “
309 2004 505 2080 aSarmatis
530 2004 703 2103 Dacisque
720 2010 867 2079 Moefica
891 2032 931 2080 ac
960 2006 1157 2079 Pannonica
1184 2008 1237 2079 hi-

264 2132 292 2168 “
311 2127 416 2197 berna
436 2124 670 2197 circumsideri
686 2127 723 2196 :''
751 2125 844 2222 paria
865 2126 910 2197 de
933 2125 1103 2198 Britannia
1124 2129 1237 2223 finge·

263 2245 401 2317 bantur.
450 2245 516 2315 Sed
534 2242 618 2315 nihil
641 2242 757 2340 reque,
783 2244 890 2340 quam
907 2244 1108 2317 incendium
1130 2244 1234 2340 Capi-

262 2363 350 2450 tolii,
368 2381 406 2435 ut
423 2363 531 2434 finem
548 2346 693 2458 imperio
710 2362 821 2435 adesse
833 2364 1024 2452 crederent,
1042 2363 1236 2460 impulerat.

262 2490 290 2526 “
308 2484 457 2578 Captam
474 2480 558 2554 olim
575 2507 596 2553 a
613 2480 721 2553 Gallis
735 2483 890 2579 Uibenn
913 2480 969 2554 sed
987 2482 1120 2580 integra
1136 2483 1236 2577 Jovis

263 2609 292 2648 “
310 2601 401 2689 sede,
433 2602 588 2672 mansisse
621 2599 817 2695 imperium.
866 2600 976 2672 Fatali
1008 2627 1101 2674 nunc
1134 2601 1233 2700 igne,

262 2727 290 2766 “
310 2724 444 2817 sgnum
461 2719 602 2791 caelestis
623 2718 680 2790 irae
703 2719 837 2807 datum,
864 2723 896 2791 δι
922 2720 1157 2814 possessionem
1181 2746 1234 2792 re-

261 2846 385 2911 “rum
408 2841 637 2911 humanatum
658 2835 889 2932 Transalpinis
913 2835 1073 2933 gentibus
1095 2858 1234 2932 porten-

260 2963 289 3001 “
306 2958 382 3045 di,'’
409 2955 641 3056 superstitione
667 2960 754 3028 vana
779 2956 922 3028 Druidae
945 2956 1124 3028 canebant.
1175 2959 1232 3027 ln-

259 3081 468 3174 cefferatque
491 3076 581 3150 sama
608 3075 774 3172 primores
798 3073 1001 3162 Gallianrm,
1027 3076 1072 3146 ab
1094 3076 1234 3148 Othone

259 3197 420 3268 adversits
437 3195 617 3266 Vitellium
645 3194 774 3282 missos,
803 3215 987 3290 antequam
1010 3193 1230 3290 digrederen-

259 3333 327 3403 tur,
351 3313 530 3411 pepigisse,
561 3320 588 3355 “
607 3338 650 3385 ne
667 3313 816 3384 deessent
833 3312 995 3400 libertati,
1022 3315 1044 3383 fi
1061 3314 1233 3407 populum

262 3436 511 3506 “Romanum
533 3431 697 3503 continua
720 3432 889 3504 bellorum
907 3429 1061 3503 civilium
1084 3430 1232 3504 series&

261 3557 289 3595 “
306 3551 440 3624 interna
457 3552 548 3623 mala
565 3549 777 3647 fregissent.”

307 3672 387 3743 LV.
413 3674 528 3743 Auru
547 3667 662 3742 Flacci
688 3668 886 3741 Hordeonii
904 3668 1034 3740 cadem
1051 3666 1136 3738 nihil
1153 3692 1230 3763 pro·

258 3788 366 3884 rupit,
403 3814 475 3885 quo
507 3785 700 3881 conjuratio
732 3785 987 3883 intelligeretur.
1048 3785 1231 3858 Interfecto

261 3906 484 3998 Hordeonio,
526 3907 770 3985 commeavere
805 3903 919 3977 nuntii
960 3903 1047 3975 inter
1084 3902 1231 3980 Civilem
