3000 5144
368 493 761 569 Htsronrnnosr
801 494 913 567 Lrs.
939 488 1000 566 1v.
1098 515 1164 594 243

143 752 147 758 ⁵
196 658 287 738 tinae
300 663 504 762 municipio,
522 665 650 740 Cluvio
668 686 776 764 patre,
794 667 854 763 qui
875 664 1034 739 ordinem
1052 664 1172 760 primi·

200 781 262 878 pili
290 782 452 871 duxisset,
482 782 664 881 ingenium
690 784 831 856 inlustre
853 784 1029 856 altioribus
1055 784 1175 856 studiis

194 897 332 996 juvenis
348 901 542 975 admodum
558 902 675 974 dedit:
702 928 786 991 non,
805 922 843 975 ut
862 902 1029 998 plerique,
1047 922 1085 973 ut
1108 924 1172 973 no-

199 1019 293 1092 mine
309 1019 500 1117 magnifico
515 1018 620 1117 segne
644 1021 757 1093 otium
775 1022 916 1109 velaret,
942 1017 999 1091 sed
1023 1015 1093 1115 qub
1109 1022 1169 1091 fir·

198 1138 289 1210 mior
313 1139 477 1210 adversius
504 1138 658 1227 fortuita,
687 1138 938 1235 rempublicam
963 1139 1169 1234 capesseret:

198 1255 359 1329 dodlores
375 1254 547 1351 sapientiae
565 1254 696 1329 secutus
718 1257 781 1346 est,
811 1256 870 1353 qui
885 1256 956 1328 sola
973 1259 1076 1343 bona,
1094 1281 1172 1352 quae

199 1373 352 1463 honesta,
382 1376 475 1447 mala
506 1374 657 1463 tantiam,
687 1398 766 1471 quae
796 1373 926 1471 turpia:
968 1373 1171 1470 potentiam,

198 1491 429 1582 nobilitatem,
459 1514 641 1589 ceteraque
657 1513 752 1565 extra
773 1494 944 1582 animum,
971 1517 1084 1590 neque
1109 1495 1173 1566 bo·

198 1609 264 1697 nis,
283 1635 396 1707 neque
413 1611 513 1684 malis
526 1613 764 1683 adnumerant.
813 1611 1026 1709 Qraestoritrs
1042 1611 1170 1700 adhue,

198 1730 332 1800 aPaeto
347 1728 499 1805 Thrasea
523 1754 627 1828 gener
649 1732 816 1820 delectus,
840 1756 859 1802 e
885 1728 1041 1802 moribus
1066 1728 1172 1802 soceri

199 1845 286 1918 nihil
312 1848 412 1944 aqud
441 1874 482 1921 ac
508 1849 701 1921 libertatem
734 1851 864 1921 hausit:
894 1848 992 1936 civis,
1023 1847 1170 1937 senator,

199 1963 356 2054 maritus,
375 1992 495 2065 gener,
512 1968 657 2057 amicus,
673 1968 803 2040 cunulis
817 1968 896 2040 vitae
913 1966 1033 2040 officiis
1054 1990 1171 2064 sequa·

199 2081 291 2172 bilis,
319 2109 430 2180 opum
445 2106 679 2185 contemptor,
708 2087 790 2159 seen
807 2086 983 2184 pervicax,
1013 2088 1171 2162 constans

199 2203 361 2276 adversos
378 2224 500 2277 metus.
759 2274 765 2285 .

247 2323 308 2393 VI.
336 2325 493 2413 Errant,
535 2323 660 2420 quibus
691 2323 905 2422 adpetentior
936 2324 1037 2401 fama
1072 2325 1170 2398 side·

200 2458 316 2526 retur;
343 2443 483 2537 quando
515 2441 619 2514 etiam
644 2441 852 2539 sapientibus
886 2444 1018 2539 cupido
1050 2443 1171 2541 gloria

201 2557 380 2632 noviffima
395 2559 542 2634 exuitur.
592 2561 708 2635 Ruina
724 2562 842 2651 soceri,
868 2561 903 2634 in
921 2561 1076 2634 exsilium
1095 2564 1172 2657 pul·

200 2675 265 2765 sus,
279 2696 331 2767 ut,
350 2679 472 2752 Galbae
486 2679 692 2776 principatu,
709 2679 822 2768 rediit,
841 2680 1049 2752 Marcellum
1067 2680 1171 2776 Epri-

202 2821 263 2868 um
284 2796 474 2870 delatorem
498 2797 657 2871 Thraseae
682 2796 835 2871 accusare
861 2796 1068 2894 adgreditur.
1118 2790 1173 2873 Ea

201 2914 301 3004 ultio,
320 2915 489 2990 incertum
508 2915 616 3014 major
637 2914 826 3013 anjullior‚
843 2914 997 3019 senatum
1013 2913 1047 2985 in
1063 2915 1172 2989 studia

201 3032 397 3107 diduxerat.
463 3037 558 3107 Nam
591 3038 614 3106 ss
645 3035 779 3108 caderet
806 3035 1009 3122 Marcellus,
1042 3056 1171 3130 agmen

202 3176 337 3229 reorum
366 3153 585 3226 sternebatur.
634 3152 750 3226 Primo
778 3151 897 3224 minax
924 3170 1109 3240 certamen,
1136 3156 1171 3226 83

202 3270 350 3368 egregiis
378 3271 553 3367 utriusque
588 3271 801 3344 orationibus
828 3269 1000 3342 testatum.
1061 3271 1169 3360 Mox,

202 3389 307 3461 dubis
332 3391 508 3462 voluntate
531 3391 667 3478 Galba,
695 3388 812 3460 multis
832 3386 1024 3460 senatorum
1046 3388 1170 3484 depre-

202 3507 370 3598 cantibus,
395 3508 505 3579 omisrt
521 3506 652 3580 Priscus
666 3535 676 3591 ;
696 3506 810 3595 variis,
841 3526 878 3577 ut
895 3504 969 3578 sunt
985 3505 1170 3580 hominum

157 3664 166 3681 =
203 3623 356 3723 ingenia,
384 3624 609 3714 sermonibus,
637 3624 909 3698 moderationem
937 3624 1168 3716 laudantium,

201 3763 260 3815 aut
278 3744 502 3817 constantiam
519 3743 779 3840 requirentium.
829 3742 994 3816 Ceterlsm
1017 3768 1059 3815 eo
1075 3741 1170 3816 sena·

202 3861 257 3934 tbs
276 3862 346 3955 die,
376 3886 448 3960 quo
468 3870 495 3906 “
513 3863 557 3936 de
574 3863 718 3960 imperio
734 3859 951 3959 Vespasiani'
974 3860 1168 3954 censebant,

710 3983 746 4054 R
772 4005 793 4051 a
