3000 5144
274 608 318 658 10
477 581 1054 660 C.Connnr11Tncrr1

271 755 469 843 Germanis,
493 757 574 829 clim
592 757 710 829 similia
727 779 903 854 coeptaret‚
922 757 1102 831 Cornelius
1125 758 1238 856 Aqui·

270 902 348 964 nus,
375 881 406 948 δι
442 875 568 947 Fabius
602 877 740 964 Valens,
764 878 867 975 legati
895 878 1075 974 legionum
1104 878 1239 951 interse-

270 1014 399 1084 cerant,
428 1013 612 1090 antequam
629 993 841 1092 juberentur.
901 998 1009 1069 Fudre
1032 997 1092 1093 qui
1121 999 1239 1070 crede·

268 1134 358 1204 rent,
385 1112 591 1209 Capitonem
606 1133 644 1185 ut
656 1113 797 1187 avaritil
814 1119 847 1187 &
870 1114 1013 1187 libidine
1029 1114 1179 1204 soedum,
1198 1142 1240 1190 ac

269 1233 494 1321 maculosum,
522 1232 569 1303 ita
587 1233 797 1330 cogitatione
821 1259 932 1306 return
951 1260 1119 1307 novamm
1135 1236 1238 1308 abstio

268 1350 397 1424 nuiffe:
426 1351 482 1424 sed
509 1379 530 1424 a
556 1352 690 1450 legatis,
721 1355 854 1425 bellum
882 1353 1116 1442 suadentibus,
1146 1355 1238 1450 post-

266 1497 373 1568 quam
397 1471 576 1567 impellere
607 1470 840 1568 nequiverint,
876 1473 1005 1544 crimen
1039 1498 1078 1544 ac
1113 1473 1237 1545 dolum

267 1594 498 1685 compositum
521 1591 636 1662 ultro:
670 1596 702 1662 ὃ(
737 1593 887 1664 Galbam
912 1590 1105 1663 mobilitate
1138 1589 1235 1688 inge-

267 1707 331 1794 nii,
355 1733 412 1795 an,
440 1732 483 1778 ne
499 1708 598 1781 altilis
621 1706 834 1802 scrutaretur,
853 1735 998 1807 quoquo
1021 1710 1129 1781 modo
1146 1712 1236 1800 acta,

267 1828 346 1923 quia
359 1826 482 1898 mutari
501 1853 572 1899 non
586 1848 754 1923 poterant,
772 1831 1021 1925 comprobasse.
1070 1828 1236 1904 ceterum

265 1967 411 2042 utraque
444 1946 555 2019 caedes
578 1947 699 2019 sinistre
732 1964 892 2044 accepta:
930 1951 963 2019 δι
996 1946 1103 2020 inviso
1132 1947 1235 2021 semel

264 2065 437 2160 Principe,
457 2063 512 2137 seu
530 2067 632 2154 bene,
647 2065 701 2137 seu
721 2068 809 2138 male
828 2066 916 2138 facta
930 2087 1102 2161 premunt.
1151 2071 1235 2161 Jam

263 2187 451 2257 afferebant
484 2183 617 2255 venalia
653 2187 776 2257 cunda
820 2206 1047 2282 prepotentes
1092 2185 1232 2259 libertis

264 2303 439 2377 servorum
458 2328 579 2374 manus
600 2301 717 2375 subitis
734 2305 858 2394 avidae,
887 2311 920 2377 &
942 2325 1124 2400 tamquam
1140 2305 1236 2402 apud

263 2423 380 2496 senem
412 2420 627 2494 festinantes:
668 2424 858 2520 eademque
887 2448 985 2495 novae
1014 2424 1099 2495 aulae
1128 2425 1234 2514 mala,

264 2542 363 2638 aque
377 2540 508 2636 gravia,
523 2567 593 2612 non
606 2542 704 2638 aeque
717 2541 885 2615 excusata.
928 2540 1003 2637 lpsa
1015 2562 1094 2614 aetas
1110 2544 1234 2616 Galbae

264 2666 297 2733 δι
315 2659 441 2748 inrisui,
472 2685 511 2731 ac
536 2657 670 2731 fastidio
687 2682 769 2750 erat,
789 2660 932 2734 adsuetis
941 2659 1094 2757 juventae
1119 2664 1234 2735 Nero·

262 2780 330 2868 nis,
361 2780 636 2874 &Imperatores
659 2777 771 2852 sonna
795 2806 834 2852 ac
852 2781 977 2852 decore
995 2781 1147 2876 corporis
1175 2793 1234 2877 (ut

263 2900 311 2971 est
327 2925 402 2970 mos
421 2898 538 2994 vulgi)
566 2899 857 2993 comparantibus.

311 3021 407 3091 Vlll.
437 3020 492 3090 Er
508 3017 563 3089 hic
579 3016 720 3113 quidem
735 3023 874 3109 Romae,
891 3040 1070 3115 tamquam
1087 3019 1123 3090 in
1140 3022 1234 3094 tants

261 3137 482 3211 multitudine
495 3135 629 3208 habitus
646 3136 841 3210 animorum
860 3136 935 3210 fuit.
978 3141 1009 3209 E
1028 3138 1230 3233 provinciis,

259 3257 438 3354 Hispania
452 3277 591 3352 praeerat
607 3256 752 3329 Cluvius
769 3255 897 3345 Rufus,
922 3257 974 3328 vir
997 3255 1178 3347 facundus,
1196 3262 1232 3330 δι

260 3377 354 3475 pacis
379 3376 521 3462 artibus,
559 3376 655 3449 bellis
688 3375 898 3473 inexpertus.
960 3375 1096 3465 Galliae,
1130 3374 1232 3472 super

260 3496 465 3570 memoriam
491 3494 659 3584 Vindicis,
687 3495 849 3593 obligatae
873 3495 1000 3568 recenti
1033 3496 1127 3567 dono
1153 3499 1230 3568 Ro·

260 3640 372 3687 manae
389 3613 547 3701 civitatis,
576 3619 609 3686 ὅτ
632 3613 668 3685 in
687 3615 859 3710 posterum
876 3614 995 3686 tributi
1020 3616 1229 3687 levamento.
1265 3665 1269 3674 -

259 3732 433 3804 Proximae
459 3754 573 3803 tarnen
598 3731 779 3803 Germanis
804 3733 1013 3805 exercitibus
1037 3731 1228 3805 Galliarum

260 3850 425 3937 civitates,
445 3875 515 3921 non
531 3852 657 3923 eodem
673 3851 805 3922 honore
826 3852 965 3940 habitae,
985 3853 1147 3947 quaedam
1165 3852 1228 3924 eti·

259 3995 316 4043 arn
333 3967 458 4042 finibus
472 3967 656 4065 ademptis,
674 3967 746 4066 pari
762 3970 883 4044 dolore
899 3969 1087 4044 commoda
1103 3970 1226 4062 aliena,
