3000 5144
318 571 388 637 214
532 544 1135 620 ceormuTacrrr

367 719 483 790 LXV.
509 719 635 789 Hnun
653 744 830 814 quaquam
851 719 964 791 eredo
981 717 1099 790 animo
1116 741 1171 789 eas
1188 742 1292 788 voces

322 837 527 931 accipiebat,
546 836 715 909 invalidus
737 839 879 909 senesii.
931 840 1054 926 Erant,
1073 834 1134 930 qui
1152 836 1296 908 occultis

323 950 570 1049 suspicionibus
600 955 813 1042 incesserent,
843 975 1021 1050 tamquam
1055 961 1082 997 “
1101 952 1231 1025 invidiis
1260 958 1294 1025 δε

323 1079 351 1113 “
368 1073 586 1144 aemulatione
598 1071 773 1145 fortunam
789 1070 901 1144 fratris
917 1073 1144 1144 moraretur.'’
1181 1073 1294 1142 Nam-

272 1278 278 1285 ·
322 1215 392 1286 que
408 1191 547 1263 Flavius
563 1191 705 1263 Sabinus
718 1211 817 1262 aetate
833 1190 938 1286 prior,
962 1189 1105 1286 privatis
1121 1187 1298 1285 utriusque

320 1310 436 1396 rebus,
449 1309 648 1382 aucloritate
661 1309 872 1405 pecuniasque
883 1308 1124 1405 Vespasianum
1136 1309 1297 1382 anteibat.

326 1429 372 1499 Et
384 1428 583 1499 credebatur
593 1428 763 1499 adsestam
776 1426 846 1524 ejus
860 1429 965 1499 sidem
979 1427 1181 1524 praejuvisle,
1190 1426 1298 1499 domo

326 1545 480 1643 agrisque
494 1545 632 1645 pignori
645 1547 804 1642 acceptis.
855 1547 975 1634 Unde,
990 1570 1204 1642 quamquam
1221 1571 1296 1618 ma·

325 1685 429 1738 nente
446 1664 482 1735 in
499 1663 645 1760 speciem
659 1665 856 1752 concordis,
873 1664 1076 1737 offensarum
1094 1684 1211 1760 operta
1224 1689 1297 1736 me-

326 1785 520 1856 tuebantur.
581 1784 710 1855 Melior
727 1783 971 1879 interpretatio,
998 1791 1025 1826 “
1045 1783 1167 1855 mitem
1183 1781 1299 1855 virum

328 1910 356 1945 “
373 1902 592 1974 abhorrerea
614 1902 779 2000 sanguine
797 1907 829 1975 &
849 1903 1023 1987 caedibus3
1048 1902 1159 1999 estque
1174 1901 1301 1974 crebris

330 2029 358 2064 “
376 2046 458 2092 cum
476 2020 618 2092 Vitellio
640 2020 851 2093 sermonibus
867 2024 911 2094 de
938 2046 1036 2118 pace,
1065 2018 1300 2116 ponendisque

329 2147 435 2235 “per
461 2138 697 2211 conditionem
722 2139 839 2227 armis,
864 2141 1028 2236 agitare.''
1075 2141 1175 2234 Saepe
1201 2138 1301 2210 domi

328 2260 508 2352 congressi,
528 2256 698 2352 postremo
715 2257 750 2330 in
768 2260 843 2330 aede
855 2257 1045 2354 Apollinis,
1058 2276 1098 2330 ut
1113 2256 1205 2329 fama
1221 2256 1301 2346 suit,

329 2376 502 2471 pepigere.
552 2377 669 2448 Verba
692 2376 862 2473 vocesque
877 2379 966 2451 duos
988 2377 1088 2452 testes
1114 2378 1301 2467 habebant,

328 2493 495 2566 Cluvium
519 2491 655 2566 Rufum
673 2495 843 2568 &Silium
861 2497 1031 2568 Italicum.
1081 2497 1206 2568 Vultus
1222 2519 1301 2591 pro·

333 2614 391 2686 cul
421 2612 606 2685 visentibus
638 2615 861 2697 notabantur;
899 2613 1028 2687 Vitellii
1062 2611 1232 2710 projedlus
1267 2617 1326 2686 ὅτ·

332 2733 498 2828 degener,
521 2731 666 2805 Sabinus
681 2757 752 2804 non
776 2732 952 2822 insultans,
976 2738 1009 2806 br
1027 2729 1196 2806 miseranti
1221 2756 1303 2829 pro·

335 2850 419 2947 pior.
1257 2946 1260 2951 ι

382 2971 515 3042 LXVI.
540 2973 657 3066 Qron
691 2973 713 3042 si
750 2989 819 3042 tarn
854 2969 953 3043 facile
994 2971 1131 3044 suorum
1171 2986 1303 3044 mentes

218 3096 225 3108 ’
336 3088 479 3159 flexisset
496 3088 665 3177 Vitellius,
689 3091 795 3185 quim
820 3089 890 3185 ipse
915 3092 1064 3178 cesserat,
1089 3091 1320 3162 incruentam

335 3208 473 3278 Urbem
495 3207 688 3302 Vespasiani
716 3209 886 3280 exercitus
910 3208 1069 3280 intrasset.
1127 3208 1305 3294 Ceterbm,
1390 3231 1392 3234 ⁴

337 3323 535 3421 utquisque
553 3326 692 3399 Vitellio
709 3329 811 3415 lidus,
830 3327 877 3398 ita
893 3352 1015 3423 pacem
1033 3333 1066 3400 δι
1092 3326 1306 3400 conditiones
1419 3412 1426 3433 ι

336 3444 546 3532 abnuebant,
571 3445 795 3518 “discrimen
822 3472 860 3518 ac
888 3448 1062 3518 dedecus''
1088 3446 1305 3530 ostentantes,

338 3568 365 3602 “
385 3564 537 3635 &fidem
562 3563 597 3635 in
615 3564 756 3636 libidine
779 3563 927 3637 visloris.
977 3567 1055 3636 Nec
1074 3584 1204 3636 tantam
1226 3564 1317 3635 Vel-³

337 3687 364 3722 “
385 3686 521 3775 pasiano
537 3682 744 3778 superbiam,
771 3703 808 3754 ut
829 3683 1002 3778 privatum
1020 3682 1197 3755 Vitellium
1214 3703 1307 3777 patc-

338 3807 365 3841 “
384 3823 493 3873 retur:
517 3827 562 3873 ne
577 3801 688 3873 vislos
705 3801 847 3897 quidem
865 3803 1002 3873 laturos.
1051 3804 1103 3873 lta
1120 3801 1309 3897 periculum

340 3924 366 3958 “
386 3943 429 3993 ex
448 3919 688 3996 misericordia.
737 3917 854 4016 ipsum
870 3919 947 3999 sane
964 3919 1091 4011 senem,
1116 3927 1148 3994 δι
1168 3917 1306 4016 prospe-
