3000 5144
318 549 385 646 136
502 547 545 621 C.
585 547 848 621 Cornum
889 545 1083 621 Tacrnr

316 716 388 816 ejus
413 719 571 792 Vitellius
598 719 825 794 excitabatur.
872 718 908 792 T
910 745 969 792 um
995 716 1079 814 ipse,
1103 712 1286 789 exercitus-

317 864 400 935 que,
425 858 463 911 ut
480 840 577 911 nullo
605 841 747 927 aemulo,
767 837 908 928 saevitia,
928 836 1083 926 libidine,
1107 856 1222 932 raptu,
1250 833 1288 907 in

316 976 476 1028 externos
493 982 604 1030 mores
621 976 862 1054 proruperunt.
1044 1032 1046 1037 ,

363 1077 534 1150 LXXIV.
561 1080 620 1147 Ar
633 1074 854 1172 Vespasianus
868 1077 998 1150 bellum
1015 1098 1192 1172 armaque,
1207 1097 1287 1167 pro-

316 1195 371 1266 cul
390 1195 446 1267 vel
464 1193 568 1291 juxta
596 1198 670 1269 fitas
686 1195 788 1286 vires,
815 1186 1130 1291 circumspectabat.
1181 1191 1288 1264 Miles

316 1312 378 1409 ipfi
394 1313 482 1386 adeo
499 1334 647 1422 paratus,
675 1332 714 1385 ut
733 1334 946 1411 praeeuntem
966 1316 1230 1398 sacramentum,
1250 1315 1284 1382 bc

296 1435 303 1482 s
316 1429 425 1505 fausta
441 1432 581 1505 Vitellio
603 1433 720 1505 omnia
733 1452 943 1529 precantem,
963 1457 1022 1528 per
1040 1430 1208 1503 silentium
1225 1453 1286 1501 au·

316 1551 454 1624 dierint.
495 1551 652 1624 Muciani
668 1550 817 1639 animus,
844 1577 909 1624 nec
921 1549 1125 1646 Vespasiano
1141 1548 1286 1638 alienuS,

318 1675 352 1743 ἃ
375 1671 412 1743 in
428 1671 553 1743 Titum
568 1669 728 1766 pronior:
759 1669 933 1766 praesedus
951 1668 1112 1766 AEgypti,
1131 1669 1286 1741 Alexan·

314 1790 391 1878 der,
404 1789 554 1864 ‚confilia
574 1787 767 1862 sociaverat.
808 1787 964 1862 Tertiam
981 1788 1169 1885 legionem,
1189 1788 1287 1885 quod

314 1933 336 1982 e
363 1908 458 2005 Syriai
475 1935 510 1980 tn
542 1910 706 1984 Moefiam
733 1911 906 1996 transisset,
935 1906 1029 1980 suam
1058 1908 1283 1979 numerabat:

317 2049 439 2103 cetetae
477 2027 603 2123 lllyrici
645 2027 811 2124 legiones,
855 2025 1017 2100 secuturae
1054 2024 1286 2122 sperabantur.

316 2149 483 2244 Namque
501 2172 621 2218 omnes
638 2146 806 2219 exercitus
833 2149 1067 2218 flammaverat
1089 2143 1298 2242 adrogantia·

301 2266 529 2338 ·venientium
554 2292 574 2337 a
596 2266 736 2338 Vitellio
754 2267 928 2352 militum;
960 2264 1055 2363 quod
1081 2285 1192 2336 truces
1209 2288 1285 2336 cor-

317 2408 416 2480 pore,
439 2385 571 2456 horridi
597 2383 765 2473 sermone,
794 2405 937 2474 ceteros,
966 2406 1004 2457 ut
1022 2383 1180 2480 impares,
1205 2382 1286 2457 inri-

313 2504 454 2575 debant.
503 2506 569 2576 Sed
587 2504 623 2576 in
639 2507 730 2577 tanta
749 2506 841 2577 mole
857 2504 938 2577 belli
957 2505 1161 2599 plerumque
1177 2526 1284 2576 cunc-

313 2623 422 2719 tatio;
454 2627 486 2695 δι
504 2622 737 2718 Vespasranus,
767 2623 874 2695 modb
889 2622 925 2695 in
941 2623 1035 2719 spem
1052 2623 1195 2708 eredus,
1224 2620 1285 2694 ali·

314 2743 458 2838 quando
476 2741 613 2815 adversa
631 2746 832 2840 reputabat:
863 2749 890 2785 “
909 2742 999 2839 Qis
1017 2741 1074 2813 iile
1090 2739 1163 2812 dies
1180 2739 1282 2830 foret,

315 2868 345 2904 “
363 2887 434 2957 quo
447 2861 619 2958 sexaginta
636 2862 743 2935 aetatis
756 2887 878 2952 annos,
893 2866 926 2934 &
940 2861 1028 2934 duos
1041 2859 1128 2932 filios
1139 2856 1284 2955 juvenes

317 2982 457 3053 “bello
481 2983 719 3078 permitteret?
749 2983 828 3054 Effe
853 2979 991 3077 privatis
1018 2978 1284 3076 cogitationibus

314 3106 345 3151 ›“
363 3102 549 3197 regressum
565 3129 574 3173 ι
607 3106 654 3190 ἃ,
685 3121 783 3197 prout
797 3101 917 3190 velint,
937 3102 1013 3195 plus
1027 3098 1183 3173 minusve
1197 3097 1285 3172 sumi

316 3222 343 3258 “
360 3244 404 3290 ex
433 3217 594 3292 fortuna:
622 3219 805 3315 imperium
832 3218 1061 3315 cupientibus,
1096 3218 1180 3290 nihil
1210 3244 1282 3291 me·

316 3342 344 3381 “
362 3337 460 3409 dium
480 3338 566 3410 inter
581 3337 714 3410 summa
732 3344 765 3410 &
782 3337 1009 3435 praecipitia.''

363 3457 517 3531 LXXV.
543 3460 808 3531 Vnnsnnnrun
837 3478 916 3530 ante
939 3447 1059 3530 oculoi
1087 3456 1286 3531 Germanici

316 3557 486 3648 enercitbs
501 3580 616 3664 robur,
642 3599 763 3648 notum
782 3576 856 3650 viro
874 3577 1032 3649 militari:
1054 3585 1080 3619 “
1100 3580 1182 3650 Suas
1198 3577 1283 3673 legi·

317 3700 346 3736 “
364 3719 460 3784 ones,
484 3695 578 3766 civili
594 3697 685 3768 bello
702 3695 896 3790 inexpertas
911 3725 921 3779 ;
940 3696 1083 3785 Vitellii,
1103 3697 1282 3769 victrices:

316 3816 345 3853 “
364 3817 396 3883 &
423 3814 517 3907 apud
533 3813 655 3900 vidos,
684 3815 760 3908 plus
778 3812 1085 3908 querimoniarum,
1108 3817 1215 3911 quiam
1231 3815 1283 3885 vi-

316 3927 477 4003 “rium:
518 3933 650 4006 fluxam
679 3957 739 4028 per
770 3930 953 4004 discordias
982 3932 1134 4006 militum
1163 3936 1284 4022 fidem,
