3000 5144
339 481 384 552 68
553 474 1155 549 C.Connaa11Tnc1rr

339 647 461 720 scelere
477 653 669 743 quaesitum,
694 646 803 721 subirlr
826 649 1002 738 moderna,
1022 654 1054 722 δι
1073 645 1178 745 prisci
1195 646 1309 744 gravi·

341 786 410 838 tate
426 766 584 838 retineri:
613 766 670 840 sed
687 766 881 839 discrimine
896 768 1005 840 Urbis
1024 772 1056 840 ὃ(
1082 767 1235 863 periculo
1259 764 1308 838 se-

341 887 441 956 natds
464 885 599 973 anxius,
625 885 800 981 postremo
816 884 863 956 ita
879 885 1060 959 disseruit..
1090 894 1117 928 “
1135 888 1262 982 Neque
1275 904 1314 958 ut

340 1009 368 1044 “
385 1003 525 1089 assellus
554 1003 681 1075 vestros
708 1003 745 1074 in
775 1029 931 1077 amorem
965 1006 1034 1077 mel
1066 1005 1305 1093 accenderem,

343 1127 371 1162 “
390 1121 659 1210 commilitones,
688 1146 802 1218 neque
830 1143 869 1194 ut
894 1122 1050 1196 animum
1075 1125 1119 1195 ad
1150 1124 1314 1196 virtutem

344 1246 373 1281 “
391 1242 606 1311 cohortarer:
641 1261 787 1334 utraque
816 1240 909 1313 enim
943 1241 1079 1339 egregie
1112 1240 1311 1337 supersunt:

345 1364 374 1400 “
392 1356 449 1428 sed
475 1358 553 1428 veni
578 1357 808 1453 postulaturus
831 1385 852 1430 a
876 1358 977 1431 vobis
1000 1380 1315 1456 temperamentum

347 1481 375 1517 “
394 1475 509 1547 vestrae
523 1474 745 1563 fortitudinis,
765 1481 798 1548 δε
816 1500 897 1573 erga
914 1501 971 1548 mc
988 1478 1135 1550 modum
1157 1477 1317 1550 caritatis.

347 1600 374 1636 “
392 1595 581 1664 Tumulnis
599 1592 747 1689 proximi
765 1592 917 1682 initium,
946 1620 1017 1666 non
1034 1595 1237 1691 cupiditate,
1261 1595 1317 1667 vel

348 1718 376 1753 “
394 1710 491 1797 odi0‚
509 1738 585 1808 quae
605 1713 731 1784 multos
747 1712 914 1785 exercitus
927 1712 962 1783 in
978 1713 1183 1786 discordiam
1199 1713 1317 1810 egdre,

348 1835 377 1873 “
395 1853 435 1901 ac
457 1854 500 1900 ne
516 1829 758 1903 detrectatione
780 1829 937 1926 quidem,
954 1852 1012 1903 aut
1026 1830 1211 1905 formidine
1229 1830 1318 1927 peri·

350 1953 378 1990 “
396 1948 578 2020 culorum:
615 1948 722 2019 nimia
763 1947 870 2043 pietas
911 1950 1032 2039 vestra,
1069 1950 1179 2023 acrilrs
1212 1949 1320 2046 quam

351 2072 380 2108 “
400 2066 653 2155 considerarim,
694 2065 868 2142 excitavit.
927 2070 1023 2140 Nam
1051 2067 1138 2164 saepe
1167 2067 1322 2140 honestas

352 2191 380 2228 ‘⁶
399 2209 512 2255 rerum
536 2182 663 2273 causas,
688 2185 723 2256 ni
741 2183 915 2281 judicium
938 2186 1116 2275 adhibeas,
1144 2185 1321 2281 perniciosi

353 2309 380 2344 “
396 2301 507 2373 exitus
536 2301 799 2399 consequuntur.
861 2307 956 2377 lmus
983 2306 1028 2376 ad
1055 2306 1205 2377 bellum:
1235 2329 1322 2377 num

355 2427 382 2463 ‘⁶
401 2446 520 2492 omnes
554 2421 694 2494 nuntios
731 2423 845 2518 palam
877 2422 1000 2512 audiri,
1033 2423 1149 2496 omnia
1181 2421 1322 2496 consilia

353 2547 380 2583 “
399 2540 530 2612 cunclis
553 2536 770 2635 praesentibus
800 2541 947 2630 tractari,
980 2542 1065 2614 ratio
1094 2567 1222 2630 rerum,
1257 2559 1317 2615 aut

354 2662 616 2732 “occasionum
651 2659 812 2732 velocitas
849 2659 1001 2756 patitur?
1064 2663 1156 2734 Tam
1196 2658 1322 2733 nescire

272 2792 275 2797 '
353 2785 381 2822 “
400 2779 562 2875 quaedam
596 2777 736 2866 milites,
769 2779 875 2874 quam
901 2778 981 2852 scire
1013 2798 1159 2875 oportet.
1209 2781 1261 2851 lta
1289 2775 1323 2851 se

353 2904 381 2940 “
399 2899 530 2970 ducum
554 2897 750 2984 aucloritas,
784 2899 829 2968 fic
853 2896 948 2993 rigor
980 2894 1167 2994 disciplinae
1199 2897 1319 2986 habet,

354 3021 383 3060 “
402 3035 440 3087 ut
464 3016 572 3087 multa
588 3014 692 3088 etiam
710 3014 926 3087 centuriones
949 3012 1170 3110 tribunosque
1187 3014 1323 3089 tantum

353 3139 380 3176 “
393 3132 506 3230 juberi
517 3132 687 3229 expediat.
736 3132 785 3221 si,
803 3131 1071 3229 ubijubeantur,
1088 3157 1240 3230 quaerere
1258 3136 1323 3205 fin·

356 3259 383 3294 “
404 3251 492 3348 gulis
505 3251 627 3336 liceat3
646 3270 809 3347 pereunte
826 3249 1003 3348 obsequi0,
1017 3251 1121 3324 etiam
1137 3249 1327 3346 imperium

357 3377 385 3412 “
405 3369 588 3441 intercidit.
638 3376 698 3442 An
726 3375 758 3441 &
787 3369 859 3441 illic
883 3373 984 3442 noc‘le
1008 3369 1212 3464 intempesta
1234 3369 1325 3466 rapi-

356 3497 384 3532 “
402 3510 500 3560 entur
516 3491 630 3560 arma?
682 3489 785 3560 Unus
812 3490 939 3561 alterve
969 3487 1120 3584 perditus
1146 3513 1186 3559 ac
1211 3508 1324 3560 temu-

357 3612 384 3648 “
404 3608 513 3678 lentus
532 3604 772 3700 (nequeenim
790 3607 902 3701 plures
919 3604 1194 3678 consternatione
1220 3631 1325 3700 prox·

358 3729 386 3770 “
404 3722 474 3801 imai
494 3722 648 3809 insanisse
665 3722 891 3816 crediderim)
911 3721 1118 3806 centurionis
1140 3747 1181 3800 ac
1197 3722 1326 3797 tribuni
