<?xml version="1.0" encoding="UTF-8"?>
<!DOCTYPE html PUBLIC "-//W3C//DTD XHTML 1.0 Transitional//EN"
    "http://www.w3.org/TR/xhtml1/DTD/xhtml1-transitional.dtd">
<html xmlns="http://www.w3.org/1999/xhtml" xml:lang="en" lang="en">
 <head>
  <title>
</title>
<meta http-equiv="Content-Type" content="text/html;charset=utf-8" />
  <meta name='ocr-system' content='tesseract 3.04.00' />
  <meta name='ocr-capabilities' content='ocr_page ocr_carea ocr_par ocr_line ocrx_word'/>
</head>
<body>
  <div class='ocr_page' id='page_1' title='image "./ccorneliitaciti02ernegoog_0098.png"; bbox 0 0 3000 5144; ppageno 0'>
   <div class='ocr_carea' id='block_1_1' title="bbox 380 531 1187 638">
    <p class='ocr_par' dir='ltr' id='par_1_1' title="bbox 380 531 1187 638">
     <span class='ocr_line' id='line_1_1' title="bbox 380 531 1187 638; baseline 0.007 -30"><span class='ocrx_word' id='word_1_1' title='bbox 380 531 781 611; x_wconf 80' lang='lat' dir='ltr'>Hrsrontanunr</span> <span class='ocrx_word' id='word_1_2' title='bbox 817 534 926 610; x_wconf 81' lang='lat' dir='ltr'>Lra.</span> <span class='ocrx_word' id='word_1_3' title='bbox 958 531 1004 611; x_wconf 83' lang='lat' dir='ltr'>sl.</span> <span class='ocrx_word' id='word_1_4' title='bbox 1139 536 1187 638; x_wconf 83' lang='lat'>89</span> 
     </span>
    </p>
   </div>
   <div class='ocr_carea' id='block_1_2' title="bbox 208 711 1270 4036">
    <p class='ocr_par' dir='ltr' id='par_1_2' title="bbox 208 711 1189 1645">
     <span class='ocr_line' id='line_1_2' title="bbox 209 711 1188 813; baseline 0.003 -27"><span class='ocrx_word' id='word_1_5' title='bbox 209 711 463 809; x_wconf 86' lang='lat' dir='ltr'>mancipiorum</span> <span class='ocrx_word' id='word_1_6' title='bbox 509 714 776 789; x_wconf 86' lang='lat' dir='ltr'>valentiffimurn</span> <span class='ocrx_word' id='word_1_7' title='bbox 813 741 989 813; x_wconf 88' lang='lat' dir='ltr'>quemque</span> <span class='ocrx_word' id='word_1_8' title='bbox 1028 716 1188 789; x_wconf 78' lang='lat' dir='ltr'>armavit.</span> 
     </span>
     <span class='ocr_line' id='line_1_3' title="bbox 209 831 1188 929; baseline 0.004 -25"><span class='ocrx_word' id='word_1_9' title='bbox 209 831 528 929; x_wconf 90' lang='lat' dir='ltr'>Centurionemque</span> <span class='ocrx_word' id='word_1_10' title='bbox 543 832 731 926; x_wconf 84' lang='lat' dir='ltr'>Sisennam,</span> <span class='ocrx_word' id='word_1_11' title='bbox 748 836 899 925; x_wconf 86' lang='lat' dir='ltr'>dextras,</span> <span class='ocrx_word' id='word_1_12' title='bbox 922 836 1117 909; x_wconf 76' lang='lat' dir='ltr'>concordia:</span> <span class='ocrx_word' id='word_1_13' title='bbox 1134 835 1188 908; x_wconf 90' lang='lat' dir='ltr'>iu·</span> 
     </span>
     <span class='ocr_line' id='line_1_4' title="bbox 210 950 1189 1051; baseline 0.003 -26"><span class='ocrx_word' id='word_1_14' title='bbox 210 951 330 1050; x_wconf 85' lang='lat' dir='ltr'>fignia,</span> <span class='ocrx_word' id='word_1_15' title='bbox 359 950 488 1047; x_wconf 85' lang='lat' dir='ltr'>Syriaci</span> <span class='ocrx_word' id='word_1_16' title='bbox 521 952 690 1026; x_wconf 70' lang='lat' dir='ltr'>exercitus</span> <span class='ocrx_word' id='word_1_17' title='bbox 722 954 861 1027; x_wconf 90' lang='lat' dir='ltr'>nomine</span> <span class='ocrx_word' id='word_1_18' title='bbox 889 956 934 1027; x_wconf 91' lang='lat' dir='ltr'>ad</span> <span class='ocrx_word' id='word_1_19' title='bbox 968 954 1189 1051; x_wconf 80' lang='lat' dir='ltr'>praetorianos</span> 
     </span>
     <span class='ocr_line' id='line_1_5' title="bbox 208 1069 1187 1169; baseline 0.003 -25"><span class='ocrx_word' id='word_1_20' title='bbox 208 1069 391 1162; x_wconf 81' lang='lat' dir='ltr'>serentem,</span> <span class='ocrx_word' id='word_1_21' title='bbox 417 1070 520 1144; x_wconf 86' lang='lat' dir='ltr'>variis</span> <span class='ocrx_word' id='word_1_22' title='bbox 547 1071 677 1146; x_wconf 85' lang='lat' dir='ltr'>artibus</span> <span class='ocrx_word' id='word_1_23' title='bbox 702 1073 877 1169; x_wconf 84' lang='lat' dir='ltr'>adgressus</span> <span class='ocrx_word' id='word_1_24' title='bbox 901 1074 973 1148; x_wconf 91' lang='lat' dir='ltr'>est:</span> <span class='ocrx_word' id='word_1_25' title='bbox 1001 1075 1114 1146; x_wconf 91' lang='lat' dir='ltr'>donec</span> <span class='ocrx_word' id='word_1_26' title='bbox 1135 1074 1187 1147; x_wconf 90' lang='lat' dir='ltr'>Si-</span> 
     </span>
     <span class='ocr_line' id='line_1_6' title="bbox 208 1188 1187 1287; baseline 0.003 -24"><span class='ocrx_word' id='word_1_27' title='bbox 208 1188 325 1279; x_wconf 83' lang='lat' dir='ltr'>senna,</span> <span class='ocrx_word' id='word_1_28' title='bbox 352 1191 443 1264; x_wconf 86' lang='lat' dir='ltr'>clam</span> <span class='ocrx_word' id='word_1_29' title='bbox 471 1191 589 1264; x_wconf 72' lang='lat' dir='ltr'>relicta</span> <span class='ocrx_word' id='word_1_30' title='bbox 614 1189 736 1281; x_wconf 72' lang='lat' dir='ltr'>insula,</span> <span class='ocrx_word' id='word_1_31' title='bbox 770 1191 921 1287; x_wconf 88' lang='lat' dir='ltr'>trepidus</span> <span class='ocrx_word' id='word_1_32' title='bbox 951 1191 1085 1266; x_wconf 89' lang='lat' dir='ltr'>&amp;vim</span> <span class='ocrx_word' id='word_1_33' title='bbox 1112 1217 1187 1266; x_wconf 81' lang='lat' dir='ltr'>tne-</span> 
     </span>
     <span class='ocr_line' id='line_1_7' title="bbox 210 1308 1187 1408; baseline 0.002 -26"><span class='ocrx_word' id='word_1_34' title='bbox 210 1328 311 1382; x_wconf 86' lang='lat' dir='ltr'>tuens</span> <span class='ocrx_word' id='word_1_35' title='bbox 326 1308 528 1408; x_wconf 82' lang='lat' dir='ltr'>aufugeret:</span> <span class='ocrx_word' id='word_1_36' title='bbox 559 1309 641 1382; x_wconf 91' lang='lat' dir='ltr'>inde</span> <span class='ocrx_word' id='word_1_37' title='bbox 657 1309 725 1382; x_wconf 67' lang='lat' dir='ltr'>late</span> <span class='ocrx_word' id='word_1_38' title='bbox 748 1331 869 1400; x_wconf 91' lang='lat' dir='ltr'>terror,</span> <span class='ocrx_word' id='word_1_39' title='bbox 896 1311 1013 1384; x_wconf 89' lang='lat' dir='ltr'>multis</span> <span class='ocrx_word' id='word_1_40' title='bbox 1031 1311 1076 1383; x_wconf 94' lang='lat' dir='ltr'>ad</span> <span class='ocrx_word' id='word_1_41' title='bbox 1098 1313 1187 1385; x_wconf 90' lang='lat' dir='ltr'>cele-</span> 
     </span>
     <span class='ocr_line' id='line_1_8' title="bbox 209 1427 1187 1528; baseline 0.002 -26"><span class='ocrx_word' id='word_1_42' title='bbox 209 1427 369 1502; x_wconf 88' lang='lat' dir='ltr'>britatem</span> <span class='ocrx_word' id='word_1_43' title='bbox 382 1428 531 1502; x_wconf 90' lang='lat' dir='ltr'>nominis</span> <span class='ocrx_word' id='word_1_44' title='bbox 548 1430 680 1519; x_wconf 68' lang='lat' dir='ltr'>creetis,</span> <span class='ocrx_word' id='word_1_45' title='bbox 697 1453 812 1502; x_wconf 91' lang='lat' dir='ltr'>rerum</span> <span class='ocrx_word' id='word_1_46' title='bbox 826 1454 995 1502; x_wconf 90' lang='lat' dir='ltr'>novarum</span> <span class='ocrx_word' id='word_1_47' title='bbox 1007 1430 1187 1528; x_wconf 87' lang='lat' dir='ltr'>cupidine,</span> 
     </span>
     <span class='ocr_line' id='line_1_9' title="bbox 211 1546 591 1645; baseline -0.008 -23"><span class='ocrx_word' id='word_1_48' title='bbox 211 1547 344 1622; x_wconf 83' lang='lat' dir='ltr'>&amp;odio</span> <span class='ocrx_word' id='word_1_49' title='bbox 362 1546 591 1645; x_wconf 66' lang='lat' dir='ltr'>praesentium.</span> 
     </span>
    </p>

    <p class='ocr_par' dir='ltr' id='par_1_3' title="bbox 210 1666 1270 3535">
     <span class='ocr_line' id='line_1_10' title="bbox 258 1666 1188 1743; baseline 0 -2"><span class='ocrx_word' id='word_1_50' title='bbox 258 1669 323 1741; x_wconf 88' lang='lat' dir='ltr'>IX.</span> <span class='ocrx_word' id='word_1_51' title='bbox 348 1669 611 1743; x_wconf 76' lang='lat' dir='ltr'>Garscaurau</span> <span class='ocrx_word' id='word_1_52' title='bbox 640 1667 676 1742; x_wconf 89' lang='lat' dir='ltr'>in</span> <span class='ocrx_word' id='word_1_53' title='bbox 706 1667 779 1741; x_wconf 89' lang='lat' dir='ltr'>dies</span> <span class='ocrx_word' id='word_1_54' title='bbox 795 1666 926 1741; x_wconf 92' lang='lat' dir='ltr'>samam</span> <span class='ocrx_word' id='word_1_55' title='bbox 949 1666 1188 1742; x_wconf 86' lang='lat' dir='ltr'>sorsdiscussrt.</span> 
     </span>
     <span class='ocr_line' id='line_1_11' title="bbox 211 1786 1189 1885; baseline 0.001 -25"><span class='ocrx_word' id='word_1_56' title='bbox 211 1787 384 1861; x_wconf 87' lang='lat' dir='ltr'>Galatiam</span> <span class='ocrx_word' id='word_1_57' title='bbox 420 1813 462 1860; x_wconf 89' lang='lat' dir='ltr'>ac</span> <span class='ocrx_word' id='word_1_58' title='bbox 488 1787 736 1884; x_wconf 84' lang='lat' dir='ltr'>Pamphyliam</span> <span class='ocrx_word' id='word_1_59' title='bbox 764 1786 970 1883; x_wconf 83' lang='lat' dir='ltr'>provincias,</span> <span class='ocrx_word' id='word_1_60' title='bbox 997 1788 1189 1885; x_wconf 87' lang='lat' dir='ltr'>Calpurnio</span> 
     </span>
     <span class='ocr_line' id='line_1_12' title="bbox 212 1904 1191 2006; baseline 0 -26"><span class='ocrx_word' id='word_1_61' title='bbox 212 1904 393 2006; x_wconf 85' lang='lat' dir='ltr'>Asprenati</span> <span class='ocrx_word' id='word_1_62' title='bbox 406 1908 572 2004; x_wconf 87' lang='lat' dir='ltr'>regendas</span> <span class='ocrx_word' id='word_1_63' title='bbox 583 1909 697 1981; x_wconf 87' lang='lat' dir='ltr'>Galba</span> <span class='ocrx_word' id='word_1_64' title='bbox 709 1905 927 2002; x_wconf 86' lang='lat' dir='ltr'>permiserat:</span> <span class='ocrx_word' id='word_1_65' title='bbox 946 1907 1035 1979; x_wconf 89' lang='lat' dir='ltr'>datae</span> <span class='ocrx_word' id='word_1_66' title='bbox 1053 1933 1072 1980; x_wconf 91' lang='lat' dir='ltr'>e</span> <span class='ocrx_word' id='word_1_67' title='bbox 1089 1909 1191 1981; x_wconf 80' lang='lat' dir='ltr'>classe</span> 
     </span>
     <span class='ocr_line' id='line_1_13' title="bbox 212 2023 1193 2122; baseline 0.001 -23"><span class='ocrx_word' id='word_1_68' title='bbox 212 2024 395 2100; x_wconf 71' lang='lat' dir='ltr'>Misenensi</span> <span class='ocrx_word' id='word_1_69' title='bbox 424 2027 504 2100; x_wconf 86' lang='lat' dir='ltr'>duae</span> <span class='ocrx_word' id='word_1_70' title='bbox 530 2026 683 2101; x_wconf 87' lang='lat' dir='ltr'>triremes</span> <span class='ocrx_word' id='word_1_71' title='bbox 716 2026 759 2097; x_wconf 95' lang='lat' dir='ltr'>ad</span> <span class='ocrx_word' id='word_1_72' title='bbox 789 2023 1081 2122; x_wconf 91' lang='lat' dir='ltr'>prosequendum,</span> <span class='ocrx_word' id='word_1_73' title='bbox 1109 2052 1193 2100; x_wconf 90' lang='lat' dir='ltr'>cum</span> 
     </span>
     <span class='ocr_line' id='line_1_14' title="bbox 210 2143 1188 2243; baseline 0.001 -25"><span class='ocrx_word' id='word_1_74' title='bbox 210 2144 338 2243; x_wconf 93' lang='lat' dir='ltr'>quibus</span> <span class='ocrx_word' id='word_1_75' title='bbox 368 2147 549 2242; x_wconf 90' lang='lat' dir='ltr'>Cythnum</span> <span class='ocrx_word' id='word_1_76' title='bbox 577 2144 724 2218; x_wconf 91' lang='lat' dir='ltr'>insulam</span> <span class='ocrx_word' id='word_1_77' title='bbox 750 2145 872 2216; x_wconf 89' lang='lat' dir='ltr'>tenuit.</span> <span class='ocrx_word' id='word_1_78' title='bbox 921 2146 1000 2217; x_wconf 88' lang='lat' dir='ltr'>Nee</span> <span class='ocrx_word' id='word_1_79' title='bbox 1033 2143 1188 2238; x_wconf 67' lang='lat' dir='ltr'>defudre,</span> 
     </span>
     <span class='ocr_line' id='line_1_15' title="bbox 211 2262 1189 2362; baseline 0.002 -24"><span class='ocrx_word' id='word_1_80' title='bbox 211 2264 273 2362; x_wconf 87' lang='lat' dir='ltr'>qui</span> <span class='ocrx_word' id='word_1_81' title='bbox 300 2264 502 2338; x_wconf 85' lang='lat' dir='ltr'>trierarchos</span> <span class='ocrx_word' id='word_1_82' title='bbox 531 2264 671 2337; x_wconf 90' lang='lat' dir='ltr'>nomine</span> <span class='ocrx_word' id='word_1_83' title='bbox 702 2263 853 2337; x_wconf 89' lang='lat' dir='ltr'>Neronis</span> <span class='ocrx_word' id='word_1_84' title='bbox 884 2262 1058 2337; x_wconf 87' lang='lat' dir='ltr'>accirent:</span> <span class='ocrx_word' id='word_1_85' title='bbox 1097 2264 1125 2338; x_wconf 91' lang='lat' dir='ltr'>is</span> <span class='ocrx_word' id='word_1_86' title='bbox 1151 2264 1189 2340; x_wconf 96' lang='lat' dir='ltr'>in</span> 
     </span>
     <span class='ocr_line' id='line_1_16' title="bbox 212 2380 1188 2481; baseline 0.001 -25"><span class='ocrx_word' id='word_1_87' title='bbox 212 2384 408 2458; x_wconf 71' lang='lat' dir='ltr'>maestitiam</span> <span class='ocrx_word' id='word_1_88' title='bbox 423 2387 647 2481; x_wconf 76' lang='lat' dir='ltr'>compositus,</span> <span class='ocrx_word' id='word_1_89' title='bbox 674 2388 708 2455; x_wconf 86' lang='lat'>&amp;</span> <span class='ocrx_word' id='word_1_90' title='bbox 736 2389 764 2425; x_wconf 88' lang='lat'><strong>“</strong></span> <span class='ocrx_word' id='word_1_91' title='bbox 782 2385 889 2456; x_wconf 86' lang='lat' dir='ltr'>fidem</span> <span class='ocrx_word' id='word_1_92' title='bbox 909 2380 1050 2456; x_wconf 88' lang='lat' dir='ltr'>suorum</span> <span class='ocrx_word' id='word_1_93' title='bbox 1074 2410 1188 2481; x_wconf 91' lang='lat' dir='ltr'>quon-</span> 
     </span>
     <span class='ocr_line' id='line_1_17' title="bbox 213 2501 1191 2600; baseline 0.001 -25"><span class='ocrx_word' id='word_1_94' title='bbox 213 2510 242 2546; x_wconf 92' lang='lat'><strong>“</strong></span> <span class='ocrx_word' id='word_1_95' title='bbox 259 2505 342 2577; x_wconf 91' lang='lat' dir='ltr'>dam</span> <span class='ocrx_word' id='word_1_96' title='bbox 355 2504 532 2578; x_wconf 87' lang='lat' dir='ltr'>militum”</span> <span class='ocrx_word' id='word_1_97' title='bbox 549 2502 728 2593; x_wconf 88' lang='lat' dir='ltr'>invocans,</span> <span class='ocrx_word' id='word_1_98' title='bbox 748 2509 777 2545; x_wconf 91' lang='lat'><strong>“</strong></span> <span class='ocrx_word' id='word_1_99' title='bbox 795 2522 835 2574; x_wconf 92' lang='lat' dir='ltr'>ut</span> <span class='ocrx_word' id='word_1_100' title='bbox 852 2527 932 2575; x_wconf 90' lang='lat' dir='ltr'>eum</span> <span class='ocrx_word' id='word_1_101' title='bbox 949 2501 1103 2600; x_wconf 75' lang='lat' dir='ltr'>inSyrih,</span> <span class='ocrx_word' id='word_1_102' title='bbox 1131 2523 1191 2576; x_wconf 91' lang='lat' dir='ltr'>aut</span> 
     </span>
     <span class='ocr_line' id='line_1_18' title="bbox 214 2621 1188 2723; baseline -0.003 -24"><span class='ocrx_word' id='word_1_103' title='bbox 214 2630 242 2667; x_wconf 75' lang='lat'>‘⁴</span> <span class='ocrx_word' id='word_1_104' title='bbox 259 2625 421 2723; x_wconf 88' lang='lat' dir='ltr'>AEgypto</span> <span class='ocrx_word' id='word_1_105' title='bbox 438 2623 609 2696; x_wconf 88' lang='lat' dir='ltr'>fisterent”</span> <span class='ocrx_word' id='word_1_106' title='bbox 630 2626 764 2696; x_wconf 90' lang='lat' dir='ltr'>orabat.</span> <span class='ocrx_word' id='word_1_107' title='bbox 804 2621 998 2695; x_wconf 90' lang='lat' dir='ltr'>Trierarchi</span> <span class='ocrx_word' id='word_1_108' title='bbox 1015 2642 1188 2716; x_wconf 88' lang='lat' dir='ltr'>nutantes,</span> 
     </span>
     <span class='ocr_line' id='line_1_19' title="bbox 211 2740 1191 2839; baseline 0.002 -25"><span class='ocrx_word' id='word_1_109' title='bbox 211 2740 270 2817; x_wconf 90' lang='lat' dir='ltr'>seu</span> <span class='ocrx_word' id='word_1_110' title='bbox 301 2745 399 2831; x_wconf 90' lang='lat' dir='ltr'>dolo,</span> <span class='ocrx_word' id='word_1_111' title='bbox 434 2742 719 2838; x_wconf 89' lang='lat' dir='ltr'>“adloquendos</span> <span class='ocrx_word' id='word_1_112' title='bbox 748 2740 808 2814; x_wconf 86' lang='lat' dir='ltr'>fibi</span> <span class='ocrx_word' id='word_1_113' title='bbox 832 2740 972 2830; x_wconf 75' lang='lat' dir='ltr'>militeS,</span> <span class='ocrx_word' id='word_1_114' title='bbox 1003 2746 1036 2814; x_wconf 76' lang='lat' dir='ltr'>Sc</span> <span class='ocrx_word' id='word_1_115' title='bbox 1066 2744 1191 2839; x_wconf 88' lang='lat' dir='ltr'>paratis</span> 
     </span>
     <span class='ocr_line' id='line_1_20' title="bbox 213 2859 1191 2939; baseline -0.005 0"><span class='ocrx_word' id='word_1_116' title='bbox 213 2864 420 2939; x_wconf 90' lang='lat' dir='ltr'>“omnium</span> <span class='ocrx_word' id='word_1_117' title='bbox 448 2859 572 2935; x_wconf 83' lang='lat' dir='ltr'>animis</span> <span class='ocrx_word' id='word_1_118' title='bbox 604 2861 816 2935; x_wconf 88' lang='lat' dir='ltr'>reversuros”</span> <span class='ocrx_word' id='word_1_119' title='bbox 842 2861 1076 2933; x_wconf 83' lang='lat' dir='ltr'>firmaverunt.</span> <span class='ocrx_word' id='word_1_120' title='bbox 1124 2862 1191 2934; x_wconf 87' lang='lat' dir='ltr'>Sed</span> 
     </span>
     <span class='ocr_line' id='line_1_21' title="bbox 213 2976 1190 3080; baseline -0.004 -22"><span class='ocrx_word' id='word_1_121' title='bbox 213 2981 394 3080; x_wconf 87' lang='lat' dir='ltr'>Asprenati</span> <span class='ocrx_word' id='word_1_122' title='bbox 410 2983 534 3054; x_wconf 73' lang='lat' dir='ltr'>cunda</span> <span class='ocrx_word' id='word_1_123' title='bbox 550 3006 594 3053; x_wconf 83' lang='lat' dir='ltr'>ex</span> <span class='ocrx_word' id='word_1_124' title='bbox 617 2982 687 3053; x_wconf 86' lang='lat' dir='ltr'>fide</span> <span class='ocrx_word' id='word_1_125' title='bbox 707 2979 885 3053; x_wconf 89' lang='lat' dir='ltr'>nuntiata:</span> <span class='ocrx_word' id='word_1_126' title='bbox 913 2976 1009 3076; x_wconf 90' lang='lat' dir='ltr'>cujus</span> <span class='ocrx_word' id='word_1_127' title='bbox 1033 2982 1190 3055; x_wconf 90' lang='lat' dir='ltr'>cohorta-</span> 
     </span>
     <span class='ocr_line' id='line_1_22' title="bbox 213 3097 1270 3200; baseline -0.001 -26"><span class='ocrx_word' id='word_1_128' title='bbox 213 3102 310 3177; x_wconf 90' lang='lat' dir='ltr'>tione</span> <span class='ocrx_word' id='word_1_129' title='bbox 327 3121 526 3200; x_wconf 84' lang='lat' dir='ltr'>expugnata</span> <span class='ocrx_word' id='word_1_130' title='bbox 552 3100 665 3190; x_wconf 83' lang='lat' dir='ltr'>navis,</span> <span class='ocrx_word' id='word_1_131' title='bbox 696 3105 729 3172; x_wconf 64' lang='grc' dir='ltr'>ὃς</span> <span class='ocrx_word' id='word_1_132' title='bbox 753 3098 948 3172; x_wconf 72' lang='lat' dir='ltr'>interfectus</span> <span class='ocrx_word' id='word_1_133' title='bbox 965 3097 1116 3197; x_wconf 89' lang='lat' dir='ltr'>quisquis</span> <span class='ocrx_word' id='word_1_134' title='bbox 1133 3100 1191 3174; x_wconf 94' lang='lat' dir='ltr'>ille</span> <span class='ocrx_word' id='word_1_135' title='bbox 1266 3100 1270 3105; x_wconf 73' lang='grc'><strong>’</strong></span> 
     </span>
     <span class='ocr_line' id='line_1_23' title="bbox 211 3217 1190 3318; baseline -0.003 -24"><span class='ocrx_word' id='word_1_136' title='bbox 211 3242 294 3296; x_wconf 91' lang='lat' dir='ltr'>erat.</span> <span class='ocrx_word' id='word_1_137' title='bbox 344 3223 480 3318; x_wconf 90' lang='lat' dir='ltr'>Corpus</span> <span class='ocrx_word' id='word_1_138' title='bbox 506 3220 639 3318; x_wconf 84' lang='lat' dir='ltr'>insrgne</span> <span class='ocrx_word' id='word_1_139' title='bbox 666 3218 789 3310; x_wconf 90' lang='lat' dir='ltr'>oculis,</span> <span class='ocrx_word' id='word_1_140' title='bbox 826 3220 996 3314; x_wconf 75' lang='lat' dir='ltr'>comaque</span> <span class='ocrx_word' id='word_1_141' title='bbox 1025 3223 1058 3290; x_wconf 67' lang='grc' dir='ltr'>ἃ</span> <span class='ocrx_word' id='word_1_142' title='bbox 1085 3217 1190 3292; x_wconf 88' lang='lat' dir='ltr'>torvi-</span> 
     </span>
     <span class='ocr_line' id='line_1_24' title="bbox 213 3335 1191 3435; baseline -0.004 -19"><span class='ocrx_word' id='word_1_143' title='bbox 213 3362 281 3416; x_wconf 86' lang='lat' dir='ltr'>tate</span> <span class='ocrx_word' id='word_1_144' title='bbox 309 3342 440 3429; x_wconf 74' lang='lat' dir='ltr'>vultus,</span> <span class='ocrx_word' id='word_1_145' title='bbox 471 3341 505 3412; x_wconf 92' lang='lat' dir='ltr'>in</span> <span class='ocrx_word' id='word_1_146' title='bbox 532 3342 664 3428; x_wconf 88' lang='lat' dir='ltr'>Afiam,</span> <span class='ocrx_word' id='word_1_147' title='bbox 687 3358 791 3434; x_wconf 90' lang='lat' dir='ltr'>atque</span> <span class='ocrx_word' id='word_1_148' title='bbox 818 3335 899 3409; x_wconf 90' lang='lat' dir='ltr'>inde</span> <span class='ocrx_word' id='word_1_149' title='bbox 931 3339 1085 3410; x_wconf 88' lang='lat' dir='ltr'>Romam</span> <span class='ocrx_word' id='word_1_150' title='bbox 1103 3345 1191 3435; x_wconf 84' lang='lat' dir='ltr'>¹per·</span> 
     </span>
     <span class='ocr_line' id='line_1_25' title="bbox 213 3460 431 3535; baseline -0.014 0"><span class='ocrx_word' id='word_1_151' title='bbox 213 3463 353 3535; x_wconf 73' lang='lat' dir='ltr'>vectum</span> <span class='ocrx_word' id='word_1_152' title='bbox 371 3460 431 3533; x_wconf 90' lang='lat' dir='ltr'>est.</span> 
     </span>
    </p>

    <p class='ocr_par' dir='ltr' id='par_1_4' title="bbox 213 3575 1192 4036">
     <span class='ocr_line' id='line_1_26' title="bbox 263 3575 1189 3666; baseline -0.004 -12"><span class='ocrx_word' id='word_1_153' title='bbox 263 3582 311 3654; x_wconf 89' lang='lat' dir='ltr'>X.</span> <span class='ocrx_word' id='word_1_154' title='bbox 337 3581 381 3652; x_wconf 75' lang='lat' dir='ltr'>lu</span> <span class='ocrx_word' id='word_1_155' title='bbox 417 3578 554 3651; x_wconf 88' lang='lat' dir='ltr'>civitate</span> <span class='ocrx_word' id='word_1_156' title='bbox 581 3575 744 3666; x_wconf 89' lang='lat' dir='ltr'>discordi,</span> <span class='ocrx_word' id='word_1_157' title='bbox 776 3579 825 3664; x_wconf 73' lang='grc' dir='ltr'>δε,</span> <span class='ocrx_word' id='word_1_158' title='bbox 853 3577 900 3648; x_wconf 93' lang='lat' dir='ltr'>ob</span> <span class='ocrx_word' id='word_1_159' title='bbox 929 3578 1064 3649; x_wconf 86' lang='lat' dir='ltr'>crebras</span> <span class='ocrx_word' id='word_1_160' title='bbox 1091 3576 1189 3650; x_wconf 90' lang='lat' dir='ltr'>Prin·</span> 
     </span>
     <span class='ocr_line' id='line_1_27' title="bbox 213 3694 1192 3797; baseline -0.001 -25"><span class='ocrx_word' id='word_1_161' title='bbox 213 3698 335 3797; x_wconf 88' lang='lat' dir='ltr'>cipum</span> <span class='ocrx_word' id='word_1_162' title='bbox 364 3698 585 3787; x_wconf 88' lang='lat' dir='ltr'>mutationes,</span> <span class='ocrx_word' id='word_1_163' title='bbox 611 3697 701 3769; x_wconf 86' lang='lat' dir='ltr'>inter</span> <span class='ocrx_word' id='word_1_164' title='bbox 729 3695 922 3768; x_wconf 88' lang='lat' dir='ltr'>libertatem</span> <span class='ocrx_word' id='word_1_165' title='bbox 950 3720 991 3766; x_wconf 91' lang='lat' dir='ltr'>ac</span> <span class='ocrx_word' id='word_1_166' title='bbox 1018 3694 1192 3770; x_wconf 87' lang='lat' dir='ltr'>licentiam</span> 
     </span>
     <span class='ocr_line' id='line_1_28' title="bbox 215 3812 1191 3916; baseline 0.002 -26"><span class='ocrx_word' id='word_1_167' title='bbox 215 3817 359 3909; x_wconf 73' lang='lat' dir='ltr'>incerta,</span> <span class='ocrx_word' id='word_1_168' title='bbox 390 3843 504 3916; x_wconf 84' lang='lat' dir='ltr'>parvae</span> <span class='ocrx_word' id='word_1_169' title='bbox 521 3843 661 3913; x_wconf 87' lang='lat' dir='ltr'>quoqne</span> <span class='ocrx_word' id='word_1_170' title='bbox 685 3841 738 3888; x_wconf 91' lang='lat' dir='ltr'>res</span> <span class='ocrx_word' id='word_1_171' title='bbox 766 3812 901 3912; x_wconf 85' lang='lat' dir='ltr'>magnis</span> <span class='ocrx_word' id='word_1_172' title='bbox 928 3814 1081 3889; x_wconf 90' lang='lat' dir='ltr'>motibus</span> <span class='ocrx_word' id='word_1_173' title='bbox 1109 3843 1191 3916; x_wconf 86' lang='lat' dir='ltr'>age-</span> 
     </span>
     <span class='ocr_line' id='line_1_29' title="bbox 216 3932 1190 4036; baseline 0.002 -25"><span class='ocrx_word' id='word_1_174' title='bbox 216 3939 352 4012; x_wconf 86' lang='lat' dir='ltr'>bantur.</span> <span class='ocrx_word' id='word_1_175' title='bbox 401 3936 524 4023; x_wconf 81' lang='lat' dir='ltr'>Vibius</span> <span class='ocrx_word' id='word_1_176' title='bbox 541 3933 694 4035; x_wconf 90' lang='lat' dir='ltr'>Crispus,</span> <span class='ocrx_word' id='word_1_177' title='bbox 723 3932 884 4032; x_wconf 74' lang='lat' dir='ltr'>pecunia,</span> <span class='ocrx_word' id='word_1_178' title='bbox 904 3933 1069 4031; x_wconf 72' lang='lat' dir='ltr'>potentia,</span> <span class='ocrx_word' id='word_1_179' title='bbox 1092 3935 1190 4036; x_wconf 86' lang='lat' dir='ltr'>inge·</span> 
     </span>
    </p>
   </div>
   <div class='ocr_carea' id='block_1_3' title="bbox 0 0 1516 5144">
    <p class='ocr_par' dir='ltr' id='par_1_5' title="bbox 0 0 1516 5144">
     <span class='ocr_line' id='line_1_30' title="bbox 0 0 1516 5144; baseline 0 0"><span class='ocrx_word' id='word_1_180' title='bbox 0 0 1516 5144; x_wconf 95' lang='lat' dir='ltr'> </span> 
     </span>
    </p>
   </div>
  </div>
 </body>
</html>
