3000 5144
374 546 439 617 128
501 521 507 541 ⁴
601 541 643 616 C.
675 541 945 617 connum
978 533 1176 620 Tnorrr

372 736 443 789 non
478 716 624 788 timeres.
691 717 884 812 Epularum
920 716 1015 789 foeda
1044 721 1076 789 δι
1122 713 1342 811 inexplebilis

370 834 500 907 libido:
525 860 570 906 ex
602 836 701 907 Urbe
730 854 835 930 atque
862 834 973 925 ltalia,
1003 834 1220 907 inritamenta
1252 834 1343 930 gulae

371 954 603 1050 gestabantur,
631 953 858 1050 strepentibus
886 955 931 1026 ab
954 973 1101 1048 utroque
1129 951 1214 1024 mari
1242 951 1343 1023 itine-

371 1073 488 1146 ribus:
508 1072 662 1144 exhausti
681 1071 920 1146 conviviomm
937 1071 1156 1167 apparatibus
1175 1069 1345 1166 principes

369 1191 569 1264 civitatum:
596 1192 816 1265 vastabantur
841 1189 920 1287 ipsae
953 1189 1128 1262 civitates:
1156 1191 1343 1286 degenera-

371 1311 468 1383 bata
492 1312 609 1384 labore
625 1338 665 1386 ac
688 1313 813 1384 virtute
835 1309 949 1399 miles,
977 1308 1200 1380 adsuetudine
1218 1309 1343 1401 volup·

368 1446 494 1519 tatum,
520 1433 775 1527 &contemptu
801 1428 910 1503 ducis.
959 1426 1127 1500 Praemisrt
1143 1426 1180 1497 in
1207 1428 1345 1498 Urbem

370 1548 539 1638 edidum,
568 1575 639 1646 quo
655 1548 868 1622 vocabulum
886 1547 1019 1643 Augusti
1040 1545 1204 1633 differret,
1235 1544 1342 1636 Caesa-

371 1671 418 1737 ris
441 1693 511 1739 non
540 1667 719 1764 reciperet,
747 1668 829 1740 crim
855 1669 899 1739 de
924 1664 1090 1762 potestate
1117 1662 1206 1735 nihil
1232 1664 1343 1736 detra·

370 1787 478 1858 heret.
527 1787 616 1858 Pulsr
634 1784 731 1859 ltalia
748 1783 992 1858 mathematici.
1041 1785 1195 1856 Cautum
1216 1780 1343 1870 severe,

371 1910 400 1946 “
418 1929 462 1976 ne
477 1903 607 2001 equites
627 1904 782 1979 Romani
798 1904 881 1977 ludo
899 1907 931 1975 δι
956 1904 1058 1975 arena
1074 1894 1345 1999 polluerentur.”

372 2021 507 2095 Priores
530 2023 566 2094 id
583 2022 759 2119 Principes
782 2021 941 2119 pecunid,
965 2018 1133 2117 &sapius
1149 2018 1198 2108 vi,
1217 2045 1344 2116 perpu⁴

371 2142 506 2213 lerant:
525 2166 565 2212 ac
583 2143 746 2239 pleraque
769 2139 972 2236 municipia,
1000 2143 1033 2211 δι
1051 2139 1211 2228 coloniae,
1236 2164 1344 2211 aemu·

372 2260 531 2331 labantur
547 2259 840 2356 corruptiffimum
858 2283 1035 2357 quemque
1061 2256 1344 2348 adolescentium,

373 2378 481 2475 pretio
499 2377 647 2452 inlicere.

419 2498 554 2569 LXlll.
580 2500 655 2570 Sao
671 2497 845 2588 Vitellius,
869 2497 1021 2570 adventu
1046 2496 1169 2588 fratris,
1197 2501 1231 2571 δι
1253 2496 1345 2570 inre·

373 2615 536 2714 pentibus
548 2615 795 2689 dominationis
813 2616 994 2715 magistris,
1012 2614 1186 2713 superbior
1203 2622 1236 2690 δι
1254 2635 1345 2690 atro·

372 2734 459 2824 cior,
478 2734 601 2815 ,occidi
619 2736 837 2809 Dolabellam
849 2732 958 2831 juffit,
987 2760 1093 2832 quem
1117 2733 1153 2807 in
1169 2733 1346 2808 coloniam

372 2853 585 2952 Aquinatem
604 2852 786 2951 sepositum
810 2855 855 2926 ab
872 2854 1013 2926 Othone
1029 2852 1218 2926 retulimus.
1268 2855 1345 2926 Do·

372 2975 509 3063 labella,
539 2973 653 3045 audita
674 2993 785 3045 morte
805 2971 968 3060 Othonis,
997 2974 1134 3045 Urbem
1160 2971 1345 3044 introierat.

371 3093 413 3166 Id
439 3091 472 3165 ei
492 3091 652 3164 Plancius
667 3094 791 3179 Varus,
815 3092 960 3188 praeturb
977 3088 1128 3179 sunaus,
1145 3115 1190 3164 ex
1215 3089 1345 3164 intimis

372 3212 565 3285 Dolabellae
590 3208 722 3298 amicis,
742 3211 836 3306 apud
866 3209 1027 3282 Flavium
1047 3209 1228 3298 Sabinum,
1255 3235 1343 3306 prae·

370 3328 503 3401 festum
520 3327 643 3416 Urbis,
660 3326 799 3424 objecit,
827 3335 1044 3425 “tamquam
1061 3330 1161 3426 rupta
1176 3327 1343 3417 custodia,

371 3449 548 3520 “ducem
582 3448 614 3519 se
642 3447 745 3520 vittis
775 3446 930 3544 partibus
964 3446 1179 3520 ostentaffet:
1213 3446 1347 3519 addidit

374 3572 586 3638 “tentatam
621 3566 814 3654 cohortem,
850 3590 927 3661 quae
954 3565 1057 3639 ostiae
1091 3568 1249 3664 ageret:”
1280 3589 1345 3638 nec

371 3684 452 3757 ullis
476 3704 653 3756 tantorum
670 3683 859 3756 criminum
883 3683 1154 3780 probationibus,
1182 3684 1219 3757 in
1237 3683 1344 3781 paeni-
1446 3722 1449 3729 ·

376 3798 518 3873 tentiam
546 3800 673 3891 versus,
704 3800 809 3874 seram
837 3802 976 3875 veniam
1005 3803 1081 3901 post
1108 3802 1215 3876 scelus
1249 3828 1344 3899 quae·

373 3922 481 3993 rebat.
529 3920 761 3993 Cunelmtem
783 3919 882 4018 super
897 3923 991 3996 tantd
1015 3947 1051 3996 re
1073 3921 1233 3996 Flavium
1249 3920 1344 3995 Sabi·
