3000 5144
263 546 335 619 280
468 546 510 619 C.
550 544 816 619 Coarraarr
855 546 1063 625 Tncrrt

261 717 350 789 duos
373 718 619 793 beneficiorum
647 744 822 809 numerus,
858 724 891 795 δι
919 720 1037 793 mixtis
1063 716 1244 819 utriusque

262 836 448 927 mandatis,
475 836 642 911 discordia
657 843 796 935 quaesrta
829 842 1000 937 ausiaque
1024 864 1140 935 pravo
1169 866 1242 915 cet·

261 956 400 1027 tamine.
450 959 663 1053 legatorum
672 956 912 1053 jus'adolevit,
937 957 1170 1031 diuturnitate
1187 956 1241 1033 os·

263 1074 347 1163 sicii,
378 1077 432 1146 vel
459 1074 540 1171 quia
565 1076 755 1149 minoribus
783 1076 890 1175 major
911 1075 1099 1150 aemulaudi
1132 1102 1237 1151 cura:

261 1190 505 1286 proconsulum
544 1190 829 1289 splendidissimus
867 1194 1027 1292 quisque,
1067 1194 1239 1271 securitati

261 1310 385 1407 magis,
416 1312 523 1407 quiam
536 1313 698 1407 potentiae
719 1313 952 1387 consulebant.

308 1432 445 1503 XLIX.
470 1432 545 1503 Sat>
577 1452 652 1503 turn
681 1432 854 1529 legionem
877 1432 914 1525 in
943 1430 1063 1505 Africa
1091 1434 1237 1531 regebat

187 1544 190 1551 ’
260 1549 415 1620 Valerius
441 1548 574 1639 Festus,
608 1550 813 1645 sumptuosae
840 1548 1090 1639 adolescentia,
1117 1574 1236 1647 neque

262 1668 399 1741 modica
416 1668 571 1763 cupiens,
601 1674 633 1739 δι
662 1669 836 1741 adfinitate
861 1668 989 1741 Vitellii
1016 1669 1153 1742 anxius.
1202 1670 1237 1743 ls

260 1786 385 1858 crebris
411 1784 623 1859 sermonibus
656 1788 881 1861 tentaveritne
918 1787 1078 1861 Pisonem
1104 1786 1152 1861 ad
1182 1812 1235 1861 ret

261 1930 381 1993 novas,
406 1932 449 1977 an
480 1904 624 1977 tentanti
651 1905 815 1993 restiterit,
842 1905 1037 1991 incertum3
1066 1906 1236 2002 quoniam

260 2024 386 2097 secreto
414 2050 534 2098 eorum
569 2049 674 2095 nemo
711 2022 834 2111 adfuit,
869 2030 917 2113 δι,
955 2022 1066 2097 occiso
1095 2024 1235 2115 Pisone,

261 2144 416 2238 plerique
431 2144 475 2215 ad
494 2142 640 2239 gratiam
657 2141 880 2215 interfesloris
896 2142 1117 2217 inclinavere.
1154 2144 1234 2217 Nec

261 2261 449 2357 ambigitur
475 2261 702 2355 provinciam,
731 2265 763 2343 ὃς
787 2260 947 2349 militem,
975 2261 1125 2335 alienato
1149 2284 1235 2359 erga

262 2370 503 2473 Vespasianum
515 2376 633 2450 animo
650 2379 770 2465 suisse3
791 2384 824 2452 ar
837 2379 981 2476 quidam
997 2378 1233 2470 eVitellianis,

260 2498 361 2569 Urbe
379 2492 533 2593 profugi,
565 2496 781 2571 ostentabant
796 2498 909 2573 Pisoni
927 2508 954 2543 “
973 2520 1132 2573 nutantes
1145 2500 1231 2573 Gal·

261 2622 288 2659 “
312 2615 386 2705 lias,
416 2638 567 2711 paratam
594 2617 832 2705 Germaniam,
862 2617 1014 2714 pericula
1042 2617 1159 2714 ipsius,
1196 2620 1232 2693 dt

263 2735 345 2807 “in
373 2761 456 2831 pace
482 2734 631 2831 suspestlt
665 2736 771 2809 tutius
804 2737 973 2810 bellum.”
1032 2738 1125 2809 Inter
1152 2762 1233 2833 quae

261 2854 426 2925 Claudius
443 2854 586 2951 Sagitta,
613 2853 787 2949 praseslus
803 2856 864 2928 alae
888 2854 1050 2944 Petrinae,
1074 2855 1232 2952 prospers

262 2974 481 3069 navigatione
510 2970 674 3069 praveni't
707 2972 898 3068 Papirium,
928 2974 1180 3064 centurionem,
1212 3001 1233 3049 a

261 3094 431 3165 Muciano
459 3092 621 3163 millum:
653 3090 927 3189 adseveravitque
955 3100 981 3135 “
1000 3096 1163 3167 mandata
1180 3094 1230 3167 in·

263 3219 290 3253 “
310 3210 498 3282 terliciendi
529 3209 671 3298 Pisonis,
702 3211 894 3283 centurioni
923 3213 1014 3285 data.
1064 3213 1232 3285 Cecidisse

259 3339 286 3373 “
306 3330 539 3416 Galerianum,
582 3330 823 3402 consobrinum
865 3330 935 3427 ejus
979 3356 1229 3429 generumque.

261 3460 287 3494 “
307 3454 425 3522 Unam
453 3451 487 3519 in
515 3449 656 3521 audaci&
680 3447 774 3545 spem
804 3448 924 3521 salutis.
973 3451 1040 3521 Sed
1073 3450 1145 3524 duo
1175 3452 1230 3525 iti·

262 3578 288 3611 “
308 3594 388 3641 nera
425 3568 599 3653 audendi3
640 3567 695 3640 seu
728 3570 843 3640 mallet
874 3567 987 3641 statim
1016 3595 1122 3659 arina,
1156 3570 1228 3661 seu,

260 3696 286 3730 “
307 3688 411 3783 petita
429 3688 574 3760 navibus
591 3688 715 3775 Gallia,
748 3688 875 3760 ducem
900 3686 933 3759 se
955 3686 1145 3761 Vitellianis
1164 3715 1229 3766 ex-

260 3816 284 3847 “
305 3806 465 3878 ercitibus
481 3807 703 3878 ostenderet.''
745 3806 845 3877 Nihil
860 3807 903 3879 ad
921 3832 960 3878 ea
978 3828 1072 3879 moto
1089 3806 1228 3899 Pisone,

258 3923 411 3997 centurio
424 3948 444 3995 a
456 3923 624 3999 Muciano
641 3925 773 4017 urillus,
795 3948 832 3999 ut
849 3944 992 4023 portum
1008 3927 1229 4028 Carthaginis
