3000 5144
273 591 343 663 330
499 563 1070 641 C.ConussrrTncrrt

267 739 325 809 isse
341 733 552 832 accepimus.
602 742 712 812 Arma
729 737 874 827 cundis,
894 736 953 836 qui
971 737 1059 810 ferre
1077 740 1218 835 possent
1233 767 1246 825 ς

269 859 303 926 δι
317 857 444 952 plures,
460 857 567 952 quam
586 882 649 952 pro
666 883 825 947 numero,
843 858 1032 930 audebant.
1078 856 1249 939 Obstina·

270 974 318 1046 tio
341 975 422 1047 viris
445 973 647 1072 feminisque
664 1002 747 1072 par:
773 1003 826 1065 ac,
847 974 1061 1049 fitransferre
1077 974 1175 1048 sedes
1191 1002 1253 1050 co-

268 1114 443 1190 gerentur,
463 1092 571 1191 major
587 1094 665 1167 vitae
684 1116 810 1184 metus,
829 1096 936 1191 quam
954 1094 1087 1167 mortis.
1138 1097 1250 1169 Hanc

267 1212 433 1285 adversbs
452 1214 574 1285 urbem
601 1235 812 1310 gentemque
828 1213 939 1286 Caesat
954 1212 1071 1301 Titus,
1102 1215 1250 1310 quando

266 1331 441 1427 impetum
466 1336 499 1404 br
518 1332 627 1405 subita
644 1333 724 1406 belli
742 1335 837 1406 locus
861 1335 1037 1421 abnueret,
1055 1330 1249 1430 aggeribus

267 1448 445 1546 vineisque
478 1471 608 1523 certare
630 1451 755 1524 statuit.
805 1452 1020 1524 Dividuntur
1047 1451 1248 1548 legionibus

265 1570 397 1658 munia,
419 1574 451 1642 &
470 1568 565 1666 quies
583 1570 784 1664 proeliorum
801 1570 888 1655 fuit3
908 1573 1019 1643 donec
1037 1572 1164 1643 cundia
1181 1595 1243 1643 ex-

266 1687 463 1786 pugnandis
479 1688 620 1760 urbibus
639 1711 770 1785 reperta
785 1691 878 1786 apud
896 1710 1041 1778 veteres,
1058 1710 1118 1764 aut
1141 1691 1245 1765 novis

266 1808 429 1906 ingeniis,
449 1807 669 1880 struerentur.

314 1930 412 2001 XlV.
439 1931 498 1999 Ar
515 1926 649 2016 Civilis,
675 1928 752 2023 post
768 1930 896 2001 malam
918 1928 953 2000 in
971 1929 1130 2003 Treveris
1148 1957 1241 2029 pug-

265 2074 361 2136 nam,
380 2068 534 2142 reparato
552 2073 610 2141 per
635 2049 855 2120 Germaniam
873 2047 1039 2136 exercitu,
1058 2050 1153 2146 apud
1171 2053 1243 2121 Ve-

263 2188 336 2239 tera
363 2167 472 2239 castra
501 2164 673 2250 consedit3
704 2186 797 2262 tutus
826 2169 918 2255 loco,
947 2171 980 2239 δι
1007 2188 1046 2239 ut
1072 2168 1244 2244 memoria

264 2283 503 2379 prosperatum
529 2283 598 2355 illic
626 2309 751 2375 rerum,
775 2285 993 2382 augescerent
1015 2289 1243 2362 barbarorum

262 2400 381 2473 animi.
430 2404 571 2473 Secutus
588 2401 636 2473 est
654 2404 777 2475 eddem
795 2405 950 2494 Cerialis,
974 2406 1160 2502 duplicatis
1177 2431 1239 2479 co·

263 2520 343 2616 piis,
361 2520 511 2591 adventu
537 2518 694 2592 secundae
719 2527 752 2595 br
778 2524 880 2596 sextae
898 2529 931 2596 δι
957 2524 1239 2620 quartaedecimae

262 2639 454 2736 legionum.
503 2639 738 2737 Cohortesque
757 2646 790 2714 δι
807 2644 882 2731 alae,
908 2640 1117 2738 jampridem
1147 2646 1239 2718 acci·

262 2779 320 2848 tae,
340 2758 415 2854 post
431 2758 610 2831 victoriam
629 2782 907 2856 properaverant.
957 2765 1091 2836 Neuter
1105 2762 1240 2838 ducum

262 2880 450 2952 cunctator.
499 2878 566 2949 Sed
595 2880 730 2951 arcebat
765 2879 909 2952 latitudo
933 2907 1150 2976 camporum,
1179 2880 1235 2954 su-

261 3019 343 3094 opte
360 2997 499 3093 ingenio
516 2997 746 3069 humentium.
797 2999 991 3071 Addiderat
1009 3000 1129 3073 Civilis
1146 3001 1237 3074 obli·

260 3144 367 3215 quam
386 3116 420 3186 in
439 3118 605 3188 Rhenum
625 3118 769 3204 molem,
794 3115 888 3212 cujus
905 3117 1041 3214 objeciu
1059 3120 1237 3195 revolutus

260 3236 384 3323 amnis,
403 3232 635 3330 adjacentibus
654 3233 964 3330 superfunderetur.
1017 3240 1070 3310 Ea
1082 3237 1149 3310 loci
1162 3236 1235 3312 fot·

260 3382 331 3444 ma,
351 3354 486 3426 incertis
500 3353 597 3426 vadis
614 3353 770 3443 subdola,
784 3360 817 3427 ἃ
835 3355 933 3426 nobis
949 3355 1107 3429 adversa:
1128 3358 1232 3454 quip-

260 3504 302 3572 pe
330 3474 428 3546 miles
454 3476 637 3545 Romanus
660 3475 761 3545 armis
793 3475 918 3570 gravis,
948 3480 981 3546 ἃ
1008 3477 1113 3548 nandi
1135 3477 1235 3572 pavi·

260 3598 345 3679 dus;
372 3597 565 3664 Germanos
594 3595 798 3666 fluminibus
824 3595 947 3683 suetos,
977 3595 1095 3668 levitas
1117 3623 1233 3670 armo·

258 3740 349 3800 rum,
370 3718 403 3783 dr
423 3712 602 3808 proceritas
614 3739 800 3808 corporum
814 3713 947 3785 attollit.

308 3836 387 3904 XV.
414 3834 568 3919 larius,
599 3833 835 3904 lacessentibus
850 3833 996 3921 Batavis,
1026 3832 1234 3907 ferocissimo

261 3950 386 4049 cuique
401 3951 592 4025 nostrorum
610 3970 768 4049 coeptum
786 3972 982 4026 certamen:
1009 3952 1135 4027 deinde
1157 3974 1234 4029 otta
