3000 5144
338 501 382 579 32
529 482 571 554 C.
612 470 876 558 Conneiii
918 487 1119 562 Tncirr'

334 654 571 728 exhortatione
589 660 721 747 mutus,
744 684 816 731 non
833 680 1014 756 tamquam
1036 659 1072 730 in
1095 660 1239 757 popu10,
1265 680 1308 733 ac

333 775 449 868 plebe,
480 775 579 847 variis
609 774 703 872 segni
735 778 930 850 adulatione
959 777 1116 865 vocibus,
1156 776 1228 866 sed,
1268 795 1309 849 ut

334 917 510 988 quemque
546 894 758 966 affluentium
783 895 935 967 militum
965 894 1177 992 aspexerant,
1202 921 1305 992 preti-

332 1008 401 1081 saie
427 1010 601 1121 manibus,
635 1014 819 1109 complesti
851 1014 965 1103 armis,
982 1016 1160 1086 conlocare
1186 1012 1305 1110 juxta,
1340 1070 1343 1075 .

330 1128 451 1224 praeire
479 1128 743 1219 sacramentum,
773 1133 882 1204 modo
906 1132 1156 1227 Imperatorem
1183 1130 1302 1203 militi-

332 1247 410 1335 bus,
438 1248 548 1320 modo
561 1249 761 1345 Imperatori
780 1249 906 1322 milites
918 1249 1174 1322 commendare.
1223 1248 1304 1320 Nec

329 1365 445 1437 deerat
466 1368 562 1440 Otho
584 1369 792 1464 protendens
816 1394 951 1456 manus,
981 1368 1118 1439 adorare
1139 1367 1305 1462 vulgum,

321 1481 437 1578 jacere
454 1484 582 1574 oscula,
613 1491 646 1558 a
663 1486 782 1558 omnia
797 1485 959 1558 serviliter
975 1509 1037 1581 pro
1054 1483 1303 1556 dominatione.

329 1602 519 1698 Postquam
537 1603 691 1677 universa
708 1605 918 1677 classicorum
937 1602 1028 1699 legio
1052 1599 1302 1674 sacramentum

329 1715 402 1814 ejus
427 1720 574 1817 accepit,
598 1723 709 1794 fidens
726 1722 871 1810 viribus,
896 1728 929 1794 a
948 1746 1035 1817 quos
1052 1720 1166 1791 adhuc
1182 1722 1299 1816 singu-

325 1839 376 1909 los
393 1838 682 1928 exstimulaverat,
708 1840 945 1912 accendendos
971 1839 1006 1911 in
1032 1862 1220 1910 commune
1244 1861 1297 1909 ra·

324 1975 395 2046 tus,
423 1983 486 2053 pro
501 1959 593 2031 vallo
609 1957 796 2030 castrorum
814 1956 860 2030 ita
876 1956 993 2054 coepit.

375 2077 566 2149 xxxvii.
594 2079 736 2172 “Qris
764 2077 809 2147 ad
838 2100 901 2148 vos
933 2074 1165 2171 processerim,
1197 2099 1297 2147 com-

327 2198 355 2236 ⁴⁴
373 2193 558 2281 militones‚
571 2192 685 2264 dicere
697 2219 768 2264 non
781 2196 932 2289 possum:
952 2192 1033 2289 quia
1046 2217 1109 2264 nec
1121 2191 1296 2288 privatum

327 2319 356 2354 ‘⁴
374 2337 432 2385 nie
449 2336 572 2385 vocare
597 2309 756 2401 sustine0,
782 2312 945 2408 Princeps
968 2336 989 2383 a
1010 2309 1111 2383 vobis
1135 2310 1295 2384 nomina·
1334 2375 1341 2386 .

326 2436 354 2473 ⁴⁴
372 2450 446 2503 tus:
477 2455 541 2502 nec
559 2428 769 2525 Principem,
792 2430 861 2502 alio
882 2430 1083 2526 imperante.
1132 2428 1296 2501 Vestrum

325 2555 354 2592 ⁴⁴
373 2573 515 2644 quoque
531 2573 660 2619 nomen
678 2548 713 2618 in
738 2546 870 2621 incerto
887 2548 961 2637 erit,
986 2549 1098 2620 donec
1116 2546 1294 2620 dubitabi-

324 2673 352 2709 ‘⁴
369 2688 425 2739 tur
448 2668 697 2762 Imperatorem
724 2667 847 2762 populi
874 2665 1026 2740 Romani
1045 2666 1079 2737 in
1098 2665 1224 2754 castris,
1250 2687 1295 2738 an

320 2792 348 2827 ‘⁴
366 2784 499 2857 hostem
518 2783 680 2857 habeatis.
730 2783 923 2874 Auditisne,
945 2804 985 2857 ut
1009 2810 1114 2880 poena
1133 2808 1222 2873 mea,
1256 2788 1291 2856 dt

325 2902 579 2999 “supplicium
614 2902 765 2975 vestrum
799 2903 897 2974 simul
930 2902 1169 2998 postulentur?
1203 2902 1293 2975 adet>

323 3030 352 3066 ⁴⁴
370 3021 589 3094 manifestum
606 3021 668 3110 est,
695 3046 809 3116 neque
827 3021 934 3117 perire
955 3046 1032 3108 nos,
1051 3046 1162 3116 neque
1178 3019 1290 3095 salvos

323 3150 352 3185 ⁴⁴
370 3144 449 3229 elle,
465 3140 524 3212 nisi
539 3140 620 3227 unii,
639 3141 744 3234 posse.
795 3143 855 3228 Et,
870 3137 965 3234 cujus
981 3138 1126 3211 lenitatis
1144 3140 1193 3212 est
1205 3142 1291 3212 Gal·

320 3269 349 3304 ‘⁴
368 3264 425 3348 ba,
446 3257 521 3354 jani
538 3256 672 3329 sortasse
690 3257 869 3354 promisit:
895 3256 1025 3353 utqui,
1051 3257 1148 3329 nullo
1166 3258 1290 3354 expos-

320 3385 348 3421 ‘⁴
367 3399 477 3465 cente,
490 3398 542 3448 tot
555 3376 662 3449 iiiillia
679 3375 1029 3448 innocentissimorum
1047 3375 1196 3447 militum
1216 3396 1295 3448 tru-,

321 3503 349 3539 ⁴⁴
369 3494 544 3568 cidaverit.
592 3496 729 3567 Horror
745 3493 902 3565 animum
927 3490 1029 3580 subit,
1059 3492 1216 3588 quotiens
1233 3520 1286 3566 re·

320 3620 348 3657 ⁴⁴
366 3615 493 3685 cordor
504 3613 645 3685 feralem
666 3612 860 3697 introitum,
887 3613 1024 3684 &hanc
1041 3609 1145 3682 solam
1164 3613 1289 3685 Galbae

319 3739 347 3774 ‘⁴
361 3730 554 3819 victoriam,
569 3731 651 3803 cirin
663 3730 699 3801 in
717 3729 824 3801 oculis
843 3728 951 3802 Urbis
963 3728 1137 3800 decumari
1149 3728 1286 3802 deditos

318 3853 345 3889 ‘⁴
356 3844 506 3942 juberet,
535 3872 623 3944 quos
650 3850 872 3945 deprecantes
900 3847 937 3920 iii
959 3847 1066 3919 fidem
1095 3866 1283 3945 acceperat.·
