3000 5144
346 582 391 654 26
554 584 595 655 C.
637 583 902 659 conum
942 586 1143 661 Tncrrr

344 755 564 847 conscientia,
595 761 749 857 plerique
777 761 967 835 miraculo:
1004 791 1081 860 pars
1109 767 1261 838 clamore
1281 770 1315 839 bt

348 876 485 973 gladiis,
510 904 587 973 pars
613 881 756 969 srlenti0,
781 883 914 953 animos
936 908 979 954 ex
997 904 1121 956 eventu
1138 881 1317 980 sumpturi.

395 998 565 1069 XXVlll.
591 999 832 1072 Srnrtonnnr
862 999 896 1071 in
920 1000 1033 1073 castris
1055 1005 1179 1098 agebat
1206 1004 1320 1096 Julius
1358 1080 1360 1085 ,

346 1114 529 1204 Martialis,
546 1116 715 1189 tribunus.
766 1121 813 1207 ls,
833 1119 1073 1215 magnitudine
1096 1119 1199 1192 subiti
1215 1119 1318 1193 scele-

345 1231 404 1319 ris,
428 1260 472 1305 an
491 1254 654 1329 corrupta
670 1236 769 1308 latibs
786 1236 905 1322 castra,
925 1262 963 1307 ac
981 1240 1002 1309 si
1017 1239 1134 1308 contra
1149 1239 1319 1327 tenderet,

346 1352 490 1424 exitium
523 1374 693 1442 metuens,
722 1354 868 1449 praebnit
897 1352 1065 1450 plerisque
1092 1352 1319 1453 suspicionem

347 1470 574 1543 conscientiae.
626 1471 864 1567 Anteposudre
888 1472 990 1544 ceteri
1008 1498 1149 1569 quoque
1172 1472 1319 1562 tribuni,

350 1587 647 1683 centurionesque,
690 1590 865 1685 prasentia
906 1590 1034 1678 dubiis,
1079 1597 1112 1663 δι
1154 1590 1320 1663 honestis.

347 1707 447 1803 Isque
461 1705 596 1778 habitus
611 1706 807 1780 animorum
824 1708 902 1796 fuit,
929 1729 967 1780 ut
986 1712 1166 1805 pessimum
1187 1708 1321 1785 facinus

345 1826 508 1897 auderent
542 1825 657 1921 pauci,
685 1827 797 1921 plures
820 1828 961 1916 vellent,
998 1853 1118 1900 omnes
1159 1846 1318 1924 pateren-

348 1962 414 2016 tur·
1171 2021 1175 2028 ¹

395 2064 534 2134 XXIX.
559 2065 733 2136 Iounnus
759 2064 896 2136 interim
922 2065 1048 2152 Galba,
1076 2070 1108 2137 ὅ(
1137 2063 1235 2137 sacris
1267 2064 1319 2137 in·

347 2200 474 2268 tentus,
511 2180 677 2276 fatigabat
705 2181 806 2253 alieni
832 2179 907 2275 jam
940 2183 1073 2278 imperii
1091 2184 1208 2277 deos:
1235 2184 1320 2256 ciam

346 2301 487 2371 affertur
514 2323 633 2369 rumor
660 2298 779 2394 “rapi
806 2298 841 2370 in
869 2299 990 2389 castra,
1020 2301 1189 2373 incertum
1211 2325 1319 2397 quem

348 2416 581 2489 “senatorem
599 2417 634 2487 :''
655 2441 754 2506 mox,
785 2420 1009 2489 “Othonem
1038 2420 1117 2508 esse,
1146 2418 1207 2515 qui
1223 2442 1320 2513 rape·

349 2543 378 2579 “
396 2537 523 2606 retur.''
573 2533 680 2606 Simul
697 2560 740 2607 ex
759 2538 830 2607 tots
844 2538 957 2624 Urbe,
980 2557 1019 2608 ut
1037 2536 1180 2633 quisque
1196 2537 1321 2610 obvius

346 2652 469 2741 suerat,
497 2652 552 2725 alii
579 2651 800 2725 formidinem
822 2674 999 2750 augentes,
1023 2654 1166 2750 quidam
1184 2654 1321 2727 minora

348 2799 444 2862 ver0,
469 2797 512 2843 ne
541 2793 616 2843 tum
643 2770 785 2867 quidem
818 2771 918 2851 obliti
945 2772 1159 2845 adulationis.
1208 2773 1321 2869 lgitut

348 2890 616 2965 consultantibus
634 2890 775 2985 placuit,
794 2896 820 2932 “
839 2890 961 2962 tentari
982 2890 1139 2963 animum
1155 2890 1320 2979 cohortis,

349 3019 376 3054 “
396 3035 472 3107 quae
491 3010 527 3081 in
548 3008 870 3104 palatiostationem
888 3009 1034 3104 agebat:
1055 3034 1117 3081 nec
1135 3033 1194 3104 per
1209 3007 1321 3103 ipsum

350 3139 377 3174 “
395 3133 558 3217 Galbam,
573 3127 667 3225 cujus
678 3128 811 3224 integra
822 3126 1004 3204 austeritas
1018 3125 1201 3223 majoribus
1213 3151 1322 3198 reme-

350 3258 379 3294 “
397 3250 462 3322 diis
478 3247 707 3320 servabatur.''
756 3243 833 3318 Piso
851 3271 913 3341 pro
935 3245 1241 3341 gradibus'dombs
1258 3272 1320 3318 vo-

349 3390 455 3456 catos,
468 3369 502 3439 in
517 3368 609 3437 hunc
628 3364 775 3437 modurn
787 3365 969 3436 adlocutus
987 3363 1048 3435 est:
1071 3365 1233 3434 “Sextus
1247 3363 1321 3435 dies

351 3493 379 3528 “
398 3486 520 3582 agitur,
540 3485 805 3570 commilitones,
823 3507 868 3554 ex
890 3509 974 3578 qu0,
996 3485 1132 3578 ignarus
1147 3479 1268 3569 futuri,
1289 3485 1322 3552 ὅτ

351 3611 380 3646 “
400 3608 466 3674 sive
484 3604 677 3699 optandum
695 3603 761 3673 hoc
773 3625 916 3687 nomen,
944 3604 1011 3671 srve
1024 3600 1219 3671 timendum
1232 3620 1319 3688 erat,

351 3721 506 3792 “Caesar
538 3719 682 3793 adscitus
712 3718 811 3789 sum:
848 3744 919 3813 quo
949 3719 1075 3789 dombs
1101 3716 1233 3804 nostrae,
1264 3737 1323 3801 aut

352 3846 380 3889 ⁴‘
399 3837 596 3933 reipublicae
613 3836 697 3924 satu,
713 3836 746 3906 in
757 3835 865 3906 vestral
879 3860 982 3907 manu
997 3837 1141 3930 politum
1159 3836 1231 3905 est:
1252 3860 1323 3911 non

354 3964 381 4000 “
400 3955 493 4052 quia,
529 3977 608 4028 meo
635 3952 791 4044 nornine,
816 3951 997 4029 tristiorem
1020 3949 1134 4025 casum
1159 3977 1320 4050 paveam,
