3000 5144
362 576 432 649 230
561 553 1144 635 communem

359 725 513 810 toribus;
541 751 604 800 nec
620 746 703 802 tunc
725 729 838 802 minus
854 729 1086 803 crudelitatis:
1115 752 1208 801 nunc
1225 727 1327 801 inhu-

361 867 463 914 mana
486 841 654 933 securitas,
675 849 708 917 δι
729 873 772 919 ne
801 847 947 919 minimo
976 847 1121 944 quidem
1145 848 1327 943 temporis,

359 961 550 1057 voluptates
568 961 785 1037 intermissae:
815 967 912 1039 velut
929 965 1019 1039 festis
1040 965 1163 1039 diebus
1180 967 1216 1037 id
1239 992 1328 1062 quo·

360 1104 430 1174 que
452 1080 618 1176 gaudium
640 1082 832 1173 accederet,
859 1082 1085 1173 exsultabant,
1104 1082 1328 1166 fruebantur;

358 1200 453 1273 nulls
470 1200 615 1293 partium
632 1204 724 1289 curli,
737 1202 836 1273 malis
854 1202 1001 1297 publicis
1018 1202 1100 1275 laeti.

404 1318 610 1389 LXXXIV.
636 1321 854 1392 Pnonrunnr
880 1319 981 1392 molis
1007 1319 1044 1391 in
1072 1317 1332 1416 oppugnatione

355 1435 543 1508 castrorum
561 1433 638 1525 fuit,
666 1463 744 1533 quae
771 1439 955 1511 acerrimus
972 1436 1128 1534 quisque,
1155 1456 1192 1508 ut
1214 1433 1327 1507 novis·

357 1556 476 1628 simam
502 1553 612 1649 spem,
641 1555 841 1628 retinebant.
893 1555 948 1628 Εὸ
977 1554 1140 1627 intentius
1163 1553 1324 1640 vislores,

358 1673 534 1769 praecipuo
551 1693 707 1745 veterum
724 1674 918 1748 cohortium
942 1672 1070 1771 studio,
1099 1674 1223 1745 cunda
1240 1670 1325 1742 vali-

354 1792 565 1863 dissimarum
593 1791 732 1863 urbium
759 1792 899 1864 excidiis
924 1810 1056 1887 reperta
1083 1791 1180 1862 fimul
1204 1789 1326 1861 admo-

354 1929 450 1997 vent,
484 1909 699 1998 testudinem,
731 1930 916 1999 tormenta,
951 1934 1107 2007 aggeres,
1144 1905 1323 2003 facesque:

355 2028 574 2125 “quidquid
594 2048 644 2099 tot
671 2029 798 2124 proeliis
822 2027 947 2101 laboris
967 2054 1006 2100 ac
1034 2026 1176 2123 periculi
1202 2025 1324 2098 hausis-

354 2151 382 2189 “
399 2145 483 2234 sent,
498 2170 601 2241 opere
618 2146 677 2217 illo
692 2145 943 2219 consummari''
955 2144 1177 2218 clamitantes.
1212 2150 1240 2185 “
1253 2145 1324 2215 Ur-

355 2271 382 2307 “
400 2267 481 2336 bern
511 2262 638 2337 senatui
666 2289 707 2336 ac
735 2266 865 2361 populo
894 2267 1072 2352 Romano,
1099 2263 1230 2358 templa
1257 2261 1323 2333 diis

356 2389 385 2424 “
405 2382 558 2455 reddita:
586 2382 766 2478 proprium
791 2384 857 2454 elle
881 2382 999 2455 militis
1016 2383 1121 2455 decus
1139 2382 1175 2453 in
1192 2380 1322 2468 castris,

354 2507 381 2543 “
399 2500 493 2572 illam
518 2500 676 2597 patriam,
706 2499 782 2572 illos
806 2520 967 2596 penates:
999 2500 1034 2573 ni
1062 2499 1174 2574 statim
1198 2497 1321 2593 recipi-

353 2626 381 2667 “
398 2639 508 2706 autur,
551 2620 690 2691 nostem
724 2617 891 2690 inarmis
922 2619 1132 2715 agendam.''
1191 2616 1321 2689 Contrb

351 2737 541 2826 Vitelliani,
576 2761 789 2833 quamquam
818 2761 963 2808 numero
992 2734 1132 2832 fatoque
1159 2735 1320 2832 dispares,

350 2855 541 2952 inquietare
559 2854 749 2944 vidoriam,
778 2855 905 2928 morari
931 2879 1067 2950 pacem,
1089 2855 1212 2926 domos
1236 2850 1320 2926 aras-

351 3001 421 3070 que
453 2999 571 3048 cruore
598 2972 752 3045 foedare:
780 2972 937 3068 suprema
967 2972 1062 3043 vistis
1095 2971 1211 3044 solatia
1244 2998 1319 3044 am·

351 3095 598 3192 plectebantur.
647 3090 756 3164 Multi
784 3089 1009 3178 semianimes,
1034 3088 1132 3186 super
1156 3112 1261 3162 turres
1284 3095 1317 3163 δι

351 3212 613 3310 propugnacula
645 3208 829 3297 moenium,
865 3209 1088 3304 exspiravere.
1138 3209 1319 3281 Convulsrs

351 3332 469 3429 portis,
497 3328 649 3424 reliquus
679 3327 801 3423 globus
829 3327 954 3400 obtulit
982 3326 1015 3398 se
1040 3326 1248 3398 visioribus:
1280 3327 1320 3396 δε

350 3450 504 3522 cecidere
520 3471 640 3518 omnes
657 3444 834 3517 contrariis
851 3445 1062 3534 vulneribus,
1091 3447 1171 3516 versi
1189 3445 1223 3517 in
1241 3444 1318 3517 hos·

349 3588 432 3640 tem.
483 3570 535 3640 Ea
561 3591 641 3638 cura
669 3563 771 3636 etiam
804 3564 1028 3644 morientibus
1060 3564 1175 3638 decori
1203 3563 1318 3639 exittls

348 3685 423 3763 fuit.

394 3802 582 3877 LXXXV.
608 3803 840 3890 visamus,
868 3804 967 3898 captal
988 3805 1101 3893 Urbe,
1130 3828 1189 3899 per
1217 3827 1316 3873 aver-

346 3923 417 3998 sam
433 3922 548 4020 palatii
564 3939 712 4018 partem,
726 3919 954 4012 Aventinum,
970 3921 1004 3994 in
1022 3923 1167 3996 domurn
1184 3921 1314 4011 uxoris,
