3000 5144
367 542 819 636 *Hrsnonrnnuiu
852 561 964 634 L1s.
989 560 1035 633 11.
1143 582 1234 657 παρ’

242 755 341 820 nurn,
372 729 515 822 Triaria,
534 736 580 807 L.
598 732 726 805 Vitellii
744 746 847 822 uxor,
876 734 964 805 ultra
980 731 1144 805 seminam
1160 730 1210 805 fe·
1322 718 1326 725 .

242 873 332 938 rorr,¹
349 851 471 923 terruit
501 877 546 923 ne
575 859 603 894 “
621 853 776 949 periculo
792 851 961 947 Principis
984 848 1113 923 samam
1139 851 1209 923 cle·

242 974 271 1011 “
289 969 428 1041 mentiae
459 970 677 1044 adsessoretl'
737 972 904 1058 Sabinus,
926 968 1044 1066 suopte
1069 969 1210 1067 ingenio

242 1086 349 1176 mitis,
368 1087 429 1160 ubi
450 1088 602 1162 formido
625 1089 814 1178 incesfiffet,
840 1088 945 1161 facilis
961 1109 1109 1177 mutatu,
1126 1093 1158 1160 δι
1175 1087 1214 1161 in

242 1205 355 1278 alieno
376 1206 569 1281 discrimine
597 1209 657 1281 fibi
686 1233 828 1304 pavens,
855 1233 898 1279 ne
919 1207 1086 1279 adlevasse
1114 1205 1211 1280 vide·
1257 1252 1261 1258 ,

242 1345 348 1413 retur,
366 1325 507 1422 impulit
521 1346 691 1400 ruentem.

290 1445 424 1518 LXIV.
450 1449 590 1521 lorrun
610 1445 778 1536 Vitellius,
808 1465 904 1518 metu
928 1447 962 1516 δι
990 1443 1085 1533 odio,
1115 1442 1212 1541 quod

243 1561 454 1654 Petroniam,
474 1591 621 1639 uxorem
638 1564 722 1664 ejus,
742 1590 827 1637 mox
843 1565 1025 1638 Dolabella
1042 1563 1079 1636 in
1095 1563 1212 1637 matri·

242 1682 401 1754 monium
425 1685 618 1781 accepisset,
647 1691 859 1757 “vocatum
883 1710 944 1780 per
960 1682 1132 1780 epistolas,
1160 1681 1214 1755 vi-

244 1807 272 1842 “
288 1806 357 1874 tatfi
375 1805 405 1877 F
406 1803 555 1877 laminiae
580 1804 644 1876 viae
673 1804 879 1892 celebritate,
906 1805 1079 1876 devertere
1104 1804 1212 1877 Inter-

222 1927 272 1990 ⁴“
289 1922 460 2011 amnium,
491 1944 595 2020 atque
624 1923 674 1996 ibi
699 1921 870 1995 interfici''
890 1920 996 2019 jussit.
1043 1925 1214 2019 Longum
1312 1951 1340 1984 ν

241 2038 446 2114 interfectori
464 2041 596 2116 visum:
617 2042 653 2114 in
669 2041 788 2115 itinere
804 2066 845 2114 ac
862 2043 1002 2114 tabernas
1018 2038 1213 2139 projestum

242 2160 340 2233 humi
357 2157 555 2257 jugulavit:
587 2164 714 2259 magns
730 2188 814 2236 cum
831 2159 959 2233 invidis
984 2160 1067 2233 novi
1086 2159 1214 2256 princi·

243 2283 356 2377 patus,
390 2279 486 2378 cujus
518 2282 586 2354 hoc
612 2280 766 2377 primum
798 2279 971 2377 specimen
1001 2278 1213 2354 noscebatur.

243 2403 289 2472 Et
306 2398 447 2472 Triariae
466 2400 653 2489 licentiam,
667 2399 866 2473 modestum
883 2426 902 2472 e
919 2399 1082 2496 proximo
1093 2424 1214 2473 exem·

242 2522 341 2617 plum
369 2522 546 2609 onerabat,
581 2519 718 2592 Galeria
750 2518 971 2615 Imperatoris
1004 2545 1108 2609 uxor,
1143 2545 1215 2593 non

242 2637 404 2711 immixta
420 2638 593 2712 tristibus:
620 2641 653 2710 δι
678 2637 749 2734 pari
773 2637 956 2733 probitate,
980 2658 1088 2711 mater
1105 2637 1214 2712 Vitel-

243 2757 384 2848 liorum,
409 2756 562 2845 Sextilia,
586 2755 717 2854 antiqui
735 2756 850 2828 moris.
899 2756 1033 2831 Dixisse
1049 2757 1134 2854 quin
1150 2757 1214 2831 eti·

242 2903 315 2968 am,
340 2880 384 2950 ad
397 2875 522 2974 primas
544 2865 606 2946 filii
622 2874 671 2948 sui
687 2875 859 2971 epistolas,
885 2873 1067 2965 serebatur,
1102 2883 1129 2918 “
1143 2902 1215 2950 non

243 3004 271 3039 “
290 2995 535 3072 Germanicum
552 3021 572 3067 a
587 2993 633 3083 se,
651 2992 706 3066 sed
719 2994 895 3069 Vitellium
912 2994 1106 3092 genitum.''
1135 2997 1216 3070 Nec

242 3117 320 3190 ullis
345 3116 459 3213 postea
487 3112 633 3186 sortunae
662 3113 852 3200 inlecebris,
883 3133 941 3186 aut
968 3113 1100 3186 ambitu
1129 3113 1213 3187 civi·

196 3256 201 3265 '
243 3235 335 3324 tatis,
365 3235 400 3307 in
418 3232 583 3330 gaudium
608 3230 733 3321 evisla,
761 3233 887 3304 domsts
910 3231 976 3304 suae
995 3232 1129 3306 tantum
1151 3233 1212 3307 ad·

244 3355 337 3428 versa
351 3354 458 3428 sensrt.

289 3476 405 3547 LXV.
431 3474 661 3546 Dronnssunr
685 3496 706 3543 a
727 3472 909 3568 Lugduno
936 3469 1131 3561 Vitellium,
1155 3473 1213 3545 M.

164 3575 166 3579 Ι
243 3594 387 3668 Cluvius
413 3589 528 3665 Rusus
554 3589 763 3687 adsequitur,
789 3586 911 3661 omissa
935 3588 1124 3686 Hispanis3
1154 3590 1212 3662 lae·

243 3713 354 3786 titiam
377 3716 409 3784 δι
429 3710 695 3807 gratulationem
715 3711 815 3782 vultu
839 3706 965 3795 serens,
993 3707 1109 3780 animo
1125 3734 1213 3781 anx·

241 3832 307 3922 ius,
330 3835 364 3904 &
390 3828 534 3926 petitum
551 3829 583 3902 se
604 3827 900 3904 criminationibus
922 3852 1062 3925 gnarus.
1108 3826 1213 3901 Hila-

243 3949 327 4042 rius,
352 3947 491 4024 Caesaris
518 3947 674 4037 libertus,
697 3947 879 4039 detulerat,
904 3954 930 3990 “
949 3966 1142 4046 tamquam,
1154 3971 1215 4021 au·

709 4066 743 4138 K
