3000 5144
437 492 826 566 Hrsronrnnuur
861 494 969 567 Lrn.
999 496 1063 568 III.
1164 519 1236 597 '¹75

267 668 405 764 vulgus,
436 693 552 740 rensm
575 694 744 741 novarum
778 669 905 758 studio,
935 670 970 742 in
998 669 1241 767 Vespasianum

264 788 462 883 inclinabat.
511 789 608 859 Tum
627 791 822 884 progressus
835 789 993 861 Lucilius
1015 793 1191 864 auctorem
1206 791 1240 864 se

259 910 376 1006 polam
411 911 561 1003 prebet:
598 908 705 979 classis
739 908 939 980 Cornelium
968 907 1117 982 Fuscum
1151 936 1237 1007 prae·

261 1027 393 1101 senum
408 1026 467 1099 srbi
485 1025 645 1115 destinat,
665 1026 724 1124 qui
739 1027 883 1124 propere
903 1028 1107 1099 adcucurrit.
1162 1031 1238 1102 Basa

263 1145 330 1235 sus,
356 1146 522 1218 honorati
539 1146 708 1235 custodi-21,
730 1146 905 1219 liburnicis
930 1145 1076 1217 navibus
1098 1147 1236 1222 Atriam

262 1266 481 1362 pervestusa
507 1262 670 1360 praeseclo
694 1266 756 1336 alae
781 1264 931 1337 Mennio
948 1267 1095 1353 Rufino,
1124 1272 1239 1362 praesr·

262 1383 365 1459 dium
381 1382 451 1456 illic
468 1383 632 1482 agitante,
664 1382 824 1456 vincitur.
873 1384 939 1455 Sed
957 1382 1110 1456 exsoluta
1125 1385 1240 1459 statim

263 1502 415 1592 vincula,
453 1503 653 1576 interventu
686 1502 831 1592 Hormi,
867 1502 1008 1576 Caesaris
1036 1503 1170 1577 liberti:
1210 1506 1239 1579 is

262 1647 403 1720 quoque
415 1621 501 1695 inter
516 1625 622 1696 duces
639 1623 841 1695 habebatur.

311 1744 410 1814 XIII.
436 1748 496 1816 Ατ
525 1743 678 1832 Caecina,
719 1740 913 1815 defectione
941 1745 1048 1816 claffis
1084 1745 1254 1842 vulgatl,

265 1862 431 1959 primores
448 1862 705 1950 centurionum,
732 1867 766 1933 δι
789 1887 918 1958 paucos
936 1863 1101 1953 militum,
1116 1866 1240 1938 ceteris

263 2006 325 2078 per
341 1981 472 2055 militiae
490 2007 635 2055 munera
651 1979 816 2077 dispersis,
834 1980 958 2054 secreta
975 1983 1162 2055 castrorum
1178 1984 1239 2055 ad-

262 2100 405 2191 sessans,
428 2102 463 2174 in
486 2100 658 2199 principia
674 2121 786 2174 vocat.
836 2100 890 2174 Ibi
915 2109 941 2142 “
956 2101 1149 2198 Vespafiani
1170 2103 1240 2175 vir-

265 2228 293 2265 “
311 2242 435 2311 tutem,
470 2219 625 2318 viresque
658 2220 832 2317 partium’'
857 2220 1009 2293 extollit:
1046 2227 1074 2263 “
1091 2220 1235 2295 transsu-

264 2347 290 2384 “
310 2341 394 2439 gisse
417 2342 570 2430 classem,
593 2340 631 2413 in
659 2342 753 2413 atsto
784 2360 1048 2412 commeatum:
1080 2340 1238 2414 adversas

263 2460 437 2533 “Gallias
460 2458 739 2557 Hispaniasque:
774 2460 860 2532 nihil
884 2458 920 2531 in
944 2463 1043 2534 Urbe
1074 2463 1186 2535 fidum
1202 2463 1239 2534 :'’

260 2597 364 2677 atque
388 2579 506 2652 omnia
532 2580 578 2652 de
600 2578 741 2652 Vitellio
766 2579 803 2652 in
824 2580 983 2653 deterius.
1033 2583 1127 2655 Mox
1152 2582 1238 2655 inci-

262 2699 451 2796 pientibus,
481 2698 542 2797 qui
580 2698 704 2773 conscii
737 2686 892 2790 aderant,
915 2721 1047 2773 ceteros
1080 2727 1116 2774 re
1144 2707 1237 2776 novt

260 2819 436 2908 attonitos,
463 2819 500 2890 in
513 2821 618 2892 verba
634 2818 826 2916 Vespafiani
849 2818 978 2916 adigit:
1010 2822 1109 2892 srmul
1128 2821 1237 2894 Vitel-

260 2938 297 3010 lii
312 2939 480 3037 imagines
497 2941 662 3035 dereptae,
682 2944 715 3012 δι
735 2939 821 3011 miffi
838 2937 897 3035 qui
916 2938 1073 3011 Antoni0
1098 2942 1236 3014 nuntia·

259 3078 346 3130 rent.
395 3059 462 3133 Sed
474 3058 535 3130 ubi
552 3059 634 3131 totis
647 3058 763 3130 castris
784 3059 820 3130 in
838 3057 929 3130 faml
944 3056 1106 3154 proditio,
1124 3083 1236 3131 recur-

260 3203 336 3251 rens
362 3177 397 3248 in
424 3177 590 3275 principia
621 3177 733 3264 miles,
776 3165 1013 3274 praescriptum
1043 3176 1236 3272 Vespasiani

260 3323 403 3387 nomen,
430 3295 594 3393 projestas
610 3295 741 3368 Vitellii
765 3296 895 3393 effigies
918 3295 1069 3392 aspexit:
1100 3297 1236 3371 vastum

261 3400 375 3514 primd
402 3415 585 3504 silentium,
628 3442 714 3488 mox
743 3418 869 3488 cuneta
901 3418 999 3488 fimul
1027 3439 1232 3513 erumpunt:

261 3543 289 3579 “
307 3540 394 3610 Huc
428 3536 586 3608 cecidisse
623 3535 819 3608 Germanici
859 3535 1030 3609 exercitlls
1072 3536 1234 3632 gloriam,

261 3659 289 3698 “
305 3675 344 3727 ut
359 3659 426 3728 sme
443 3655 583 3752 proeli0,
611 3658 678 3727 fine
702 3657 854 3742 vulnere,
878 3653 1008 3727 vindos
1035 3680 1171 3745 manus,
1200 3661 1235 3729 ὅτ

260 3781 287 3816 “
306 3795 407 3871 capta
433 3777 605 3848 traderent
628 3777 745 3847 arma?
796 3777 893 3869 Qas
917 3765 1010 3845 enim
1035 3799 1080 3846 ex
1104 3773 1236 3850 diverso

261 3897 288 3935 “
307 3894 485 3992 legiones?
552 3896 694 3990 Nempe
726 3892 848 3983 vidos,
884 3897 917 3966 u
951 3894 1062 3967 abesse
1089 3893 1233 3969 unicum
