3000 5144
265 613 305 661 ia
456 583 1045 658 C.Coititni11Tiiciri

258 745 386 818 rimum
402 745 450 817 est
473 748 517 820 ad
543 747 786 821 continendam
812 744 994 817 militarem
1018 744 1139 833 fidem,
1167 766 1234 816 nec

259 864 362 952 vitiis,
382 889 445 936 iiec
462 864 593 938 viribus
612 864 851 937 miscebantur.
1219 850 1224 861 ’

307 987 356 1056 Χ.
381 986 532 1056 Ouinits
558 985 670 1056 adhuc
697 983 874 1055 immotus.
923 980 1056 1076 Syriam
1085 984 1118 1052 ἃ
1145 1006 1232 1076 qua·

259 1120 336 1173 tuor
364 1102 516 1198 legiones
543 1102 720 1174 obtinebat
751 1101 910 1173 Licinius
937 1100 1139 1189 Mucianus,
1179 1098 1234 1171 vir

259 1221 414 1295 secundis
426 1219 638 1317 adversisque
650 1218 752 1316 juxti
765 1218 923 1292 famosus.
974 1222 1127 1316 lnsignes
1144 1218 1232 1290 ami·

259 1341 354 1413 citias
380 1338 517 1438 juvenis
544 1339 723 1412 ambitiose
757 1340 933 1410 coluerat:
969 1363 1071 1425 mox,
1107 1335 1231 1409 attritis

259 1459 396 1555 opibus,
427 1459 558 1531 lubrico
581 1458 681 1546 statu,
702 1455 849 1552 suspeffli
875 1456 979 1528 etiam
996 1455 1134 1527 Claudii
1162 1454 1229 1526 ira·

259 1578 400 1665 condis,
421 1576 456 1649 in
478 1576 643 1648 secretum
662 1578 750 1647 Asae
769 1579 945 1671 repositus,
972 1596 1044 1646 tam
1062 1573 1168 1669 propi²
1186 1575 1232 1647 ab

260 1696 376 1770 exsule
408 1693 487 1785 suit,
517 1695 625 1790 quam
650 1694 766 1790 postea
791 1721 812 1766 a
837 1694 1008 1791 Principe.
1057 1693 1231 1784 Luxuria,

259 1814 433 1903 monstris,
468 1813 645 1902 comitate,
689 1813 903 1910 adrogantia,
933 1812 1033 1885 malis
1066 1809 1233 1909 bonisque

260 1934 388 2008 artibus
413 1932 568 2004 mixtus:
598 1931 712 2005 nimiae
736 1934 942 2027 voluptates,
966 1933 1047 2004 citui
1074 1950 1231 2003 vacaret:

261 2052 418 2149 quotiens
436 2051 649 2146 expedierat,
668 2076 804 2147 magna
818 2050 970 2123 virtutes.
1019 2051 1138 2121 Palam
1161 2051 1234 2122 lau-

260 2171 373 2256 dares,
406 2167 531 2241 secreta
562 2170 651 2241 male
678 2169 875 2242 audiebant.
936 2170 1002 2241 Sed
1030 2169 1123 2265 apud
1151 2166 1231 2241 sub·

252 2285 378 2384 jeslos,
396 2289 490 2383 apud
509 2288 701 2384 proximos,
724 2289 819 2384 apud
841 2289 1007 2385 collegas,
1027 2287 1127 2359 variis
1143 2286 1229 2359 inle-

260 2405 369 2479 cebris
387 2428 530 2502 potens:
552 2412 584 2479 δι
602 2405 658 2479 cui
681 2406 874 2502 expeditius
899 2404 1003 2479 suerit
1020 2404 1233 2478 tradereim·

263 2526 413 2622 perium,
439 2527 547 2621 quirin
572 2527 737 2598 obtinere.
788 2528 922 2598 Bellum
944 2526 1130 2620 Judaicum
1154 2527 1233 2599 Fla·

261 2645 336 2718 rius
354 2644 572 2741 Vespasianus
590 2647 735 2740 (ducem
752 2670 833 2716 euni
849 2647 946 2717 Nero
964 2645 1156 2741 delegerat)
1175 2642 1233 2716 tri·

263 2767 328 2838 bus
363 2765 556 2862 legionibus
588 2763 856 2836 administrabat.
919 2765 997 2836 Nec
1029 2762 1233 2859 Vespasiano

262 2885 423 2956 adversus
455 2885 606 2956 Galbam
631 2904 766 2972 votum,
793 2902 853 2953 aut
885 2885 1031 2954 animus.
1092 2881 1234 2978 Qiippe

262 3001 385 3075 Titum
414 3002 539 3092 silium,
569 3004 613 3073 ad
642 3001 899 3074 venerationem
932 3002 1135 3096 cultumque
1162 2999 1233 3097 ejus

262 3121 409 3211 miserat,
428 3141 464 3193 ut
482 3121 541 3194 suo
558 3124 638 3194 loco
662 3122 944 3192 memorabimus.
993 3121 1140 3192 Occulta
1157 3121 1234 3217 lege

262 3238 337 3328 sati,
364 3245 397 3311 &
427 3240 581 3329 ostentis,
607 3266 647 3312 ac
672 3237 845 3336 responsis,
871 3237 1079 3310 destinatum
1105 3238 1233 3334 Vespa-

264 3364 354 3432 siano
367 3358 548 3456 liberisque
562 3357 633 3456 ejus
649 3358 848 3455 imperium,
868 3356 948 3455 post
969 3357 1143 3429 fortunam
1160 3381 1232 3430 ere-

263 3479 429 3551 didimus

312 3600 377 3669 xi.
404 3598 619 3670 AEei'rruii
645 3592 840 3692 copiasque,
866 3594 992 3691 quibus
1008 3599 1233 3686 coerceretur,

258 3713 334 3811 jain
359 3715 440 3786 inde
466 3741 486 3786 a
507 3716 590 3788 divo
613 3715 786 3811 Augusto,
815 3713 948 3810 equites
971 3713 1125 3785 Romani
1143 3714 1233 3787 obti-

266 3853 362 3920 nent,
393 3834 470 3904 loco
496 3859 629 3929 regum.
679 3834 732 3903 Ita
755 3831 865 3904 visum
888 3830 1064 3927 expedire,
1090 3831 1234 3927 prorin-

266 3952 356 4025 ciani
379 3951 475 4024 aditu
496 3952 688 4042 difficilem,
714 3975 860 4024 annonae
888 3948 1088 4042 secundam,
1118 3947 1234 4048 super·
