3000 5144
360 486 764 564 Hisroairiniriir
797 486 997 562 Lian.
1095 507 1160 581 241

192 657 283 731 vitiis
295 657 416 748 fratris,
431 661 466 733 in
480 662 670 758 principatu
688 660 760 756 ejus
775 661 994 758 vigilantior3
1020 684 1083 731 nec
1101 684 1161 755 pe-

191 776 289 848 rinde
308 776 475 873 prosperis
492 780 613 868 socius,
633 781 739 876 quam
757 780 901 851 adversis
917 778 1111 850 abstrastus.

238 897 302 966 Ill.
326 897 468 968 Irsnaru
484 897 606 969 diebus
623 896 781 969 Lucilius
799 899 928 984 Bassus,
953 899 1034 969 curn
1054 921 1158 990 expe·

191 1013 265 1084 dito
284 1013 411 1108 equite,
434 1016 478 1085 ad
505 1015 784 1109 componendam
801 1015 1028 1109 Campaniam
1053 1012 1159 1084 mitti·

190 1149 246 1203 tur
260 1159 268 1202 :
288 1130 501 1204 discordibus
515 1132 781 1226 municipiorum
800 1131 937 1219 animis,
951 1131 1062 1227 magis
1075 1131 1161 1202 inter

189 1249 309 1339 semet,
355 1251 463 1346 quam
502 1249 720 1321 contumacia
754 1230 915 1321 advorsus
951 1249 1161 1343 Principem.

191 1366 271 1438 Viso
296 1368 418 1456 milite,
445 1367 552 1462 quies.
604 1369 649 1437 Et
666 1366 856 1438 minoribus
878 1367 1020 1438 coloniis
1044 1367 1161 1460 impu·

190 1485 302 1556 nitas:
333 1486 479 1579 Capua,
510 1484 603 1579 legio
631 1484 729 1555 tertia
750 1483 925 1556 hiemandi
944 1487 1042 1555 caus&
1069 1485 1162 1554 loca·

190 1621 259 1690 tur,
279 1605 312 1674 &
336 1604 463 1673 domus
479 1601 634 1673 inlustres
647 1603 812 1684 adflislae3
831 1602 1051 1673 cumcontra
1075 1602 1164 1670 Tar-

190 1718 376 1792 racinenses
402 1721 494 1792 nulli
521 1745 589 1814 ope
611 1716 825 1814 juvarentur.
890 1719 1006 1790 Tanto
1032 1717 1160 1814 procli-

192 1837 269 1910 vius
286 1838 335 1909 est
351 1835 497 1932 injuriae,
516 1838 624 1931 quam
648 1836 817 1908 beneficio
834 1838 949 1908 vicem
967 1836 1160 1908 exsolveres

192 1955 273 2051 quia
284 1956 392 2051 gratia
408 1955 516 2043 oneri,
534 1955 621 2025 ultio
640 1954 674 2025 in
693 1954 822 2050 quaestu
835 1956 988 2026 habetur.
1037 1952 1165 2025 Solatio

190 2073 256 2147 suit
282 2074 394 2146 servus
417 2072 571 2168 Verginii
597 2072 789 2167 Capitonis,
815 2097 920 2168 quem
949 2072 1164 2168 proditorem

188 2192 484 2265 Tarracinensium
497 2190 663 2279 diximus,
679 2189 832 2285 patibulo
844 2193 980 2278 affixus,
995 2189 1030 2261 in
1043 2189 1163 2262 iisdem

189 2311 315 2400 anulis,
335 2335 422 2406 quos
438 2329 598 2404 acceptos
614 2335 635 2380 a
652 2309 788 2380 Vitellio
806 2309 970 2405 gestabat.
1021 2314 1071 2380 At
1088 2312 1163 2381 Ro·

189 2455 257 2502 mae
278 2429 411 2501 senatus
440 2430 565 2499 cunda
594 2425 812 2521 Principibus
835 2427 932 2501 solita
960 2427 1163 2524 Vespasiano

139 2626 144 2637 ,
189 2547 358 2634 decernit,
387 2547 485 2617 laetus
502 2550 535 2616 δι
553 2545 622 2640 spei
639 2565 768 2616 certus:
797 2545 927 2641 quippe
952 2545 1087 2641 sumpta
1103 2570 1164 2641 per

189 2665 320 2738 Gallias
338 2661 586 2758 Hispaniasque
599 2660 713 2733 civilia
725 2687 830 2749 arma,
846 2663 947 2736 motis
969 2663 1012 2734 ad
1031 2664 1161 2737 bellum

191 2782 392 2869 Germanis,
407 2806 493 2852 mox
507 2780 656 2875 lllyrico,
674 2779 856 2875 postquam
869 2781 1080 2875 AEgyptum,
1098 2785 1162 2873 Ju-

190 2903 317 2988 daeam,
335 2900 549 2993 Syriamque,
570 2902 603 2968 δι
627 2922 747 2969 omnes
771 2897 963 2991 provincias
981 2898 1162 2971 exercitus·

190 3044 258 3115 que
275 3018 511 3104 lustraverant,
531 3018 625 3087 velut
643 3014 782 3109 expiato
799 3035 966 3088 terrarum
984 3019 1079 3103 orbe,
1103 3041 1159 3089 ce·

191 3135 272 3232 pisse
313 3137 419 3206 finem
461 3133 677 3205 videbantur.
739 3132 919 3204 Addidsre
948 3133 1158 3207 alacritatem

189 3252 383 3347 Vespasiani
410 3251 528 3339 literae,
559 3271 736 3345 tamquam
759 3270 920 3321 manente
938 3252 1030 3323 bello
1055 3249 1160 3347 scrip·

190 3392 252 3441 tae:
281 3396 333 3458 ea,
353 3370 464 3465 primi
483 3370 606 3464 specie,
626 3368 754 3440 forma:
775 3369 927 3440 ceterum
944 3388 981 3439 ut
994 3365 1158 3464 Princeps

189 3490 408 3584 loquebatur,
440 3488 555 3560 civilia
575 3489 618 3558 de
646 3485 691 3572 se,
724 3485 977 3581 &reipublicae
1006 3487 1167 3582 egregia:

188 3632 252 3679 nec
274 3606 407 3678 senariis
430 3604 633 3701 obsequium
658 3605 783 3675 deerat.
832 3605 898 3698 Ipsi
918 3610 945 3645 “
968 3604 1161 3678 consulatus

190 3729 218 3767 “
236 3750 318 3797 cum
333 3725 417 3795 Tito
435 3724 520 3811 filio,
540 3742 683 3817 praetura
705 3720 908 3794 Domitiano
932 3726 966 3795 δι
989 3722 1161 3797 consulare

190 3849 217 3886 “
236 3843 445 3940 imperium’'
460 3844 703 3914 decernuntur.
