3000 5144
422 556 810 666 'Hrsrontnnnu
843 596 950 667 Lrn.
984 593 1046 666 IV.
1155 616 1223 693 293

310 760 427 836 LXII.
452 767 581 837 Lnoro
608 764 848 853 sextadecima,
877 791 958 837 cum
976 762 1111 836 auxiliis
1128 762 1226 834 fimul

257 881 395 968 deditis,
418 906 438 952 a
455 884 604 954 Novefio
626 883 662 953 in
679 884 851 955 coloniam
867 886 1097 954 Treverorum
1118 880 1222 952 trans·

260 999 355 1094 gredi
378 997 532 1091 jubetur,
564 999 729 1094 praefinitst
752 1001 824 1087 die,
853 1001 941 1072 intra
971 1026 1076 1096 quam
1107 997 1224 1070 castris

157 1132 160 1136 '
260 1117 451 1190 excederet.
499 1117 662 1188 Medium
679 1142 782 1188 omne
799 1137 948 1212 tempus,
967 1143 1026 1213 per
1042 1116 1148 1188 varias
1164 1143 1225 1188 cu·

261 1259 313 1305 ras
337 1236 460 1328 egsre:
498 1233 725 1328 ignavissrmus
754 1234 910 1330 quisque,
940 1232 1103 1306 caesorum
1131 1233 1226 1327 apud

262 1345 385 1421 Vetera
401 1354 576 1446 exemplo,
596 1372 777 1446 paventes;
804 1353 927 1423 melior
943 1376 1032 1446 pars,
1051 1354 1175 1422 rubore
1192 1355 1226 1422 δι

262 1468 416 1556 infamis,
444 1477 469 1510 “
490 1470 591 1564 quale
608 1470 693 1539 illud
711 1469 786 1557 iter,
805 1469 881 1564 quis
898 1470 969 1540 dux
987 1469 1072 1539 viae?
1101 1474 1133 1540 δι
1150 1494 1226 1540 om·

264 1593 290 1627 “
309 1586 364 1657 nia
382 1586 415 1656 in
432 1585 570 1658 arbitrio
591 1611 723 1673 eorum,
743 1612 828 1681 quos
845 1587 923 1657 vitae
942 1584 1100 1681 necisque
1115 1586 1229 1656 domi·

264 1710 289 1745 “
308 1731 370 1775 nos
388 1703 575 1775 secill'ent.''
624 1703 708 1789 Alii,
735 1706 827 1774 nulli
843 1702 1022 1775 dedecoris
1044 1704 1140 1791 curs,
1169 1727 1228 1796 pe-

263 1823 414 1909 cuniam,
432 1840 490 1892 aut
507 1819 674 1891 carissima
691 1820 880 1916 sibimetipsi
897 1820 1131 1892 circumdare:
1152 1819 1229 1914 qui-

262 1942 344 2012 dam
370 1940 533 2034 expedire
561 1964 667 2025 arma,
690 1937 831 2032 telisque
853 1958 1029 2033 tamquam
1056 1936 1091 2007 in
1119 1937 1230 2009 aciem

262 2056 405 2153 accingi.
455 2059 545 2128 Haec
560 2055 816 2143 meditantibus,
830 2053 970 2126 advenit
989 2053 1227 2149 proficiscendi

262 2177 358 2262 hora,
378 2173 632 2269 exspestatione
645 2171 776 2244 tristior.
824 2171 965 2268 Qrippe
981 2172 1066 2243 intra
1083 2173 1227 2260 vallum,

262 2291 458 2363 deformitas
484 2293 575 2363 haud
598 2291 739 2387 perinde
762 2289 942 2361 notabilis:
969 2289 1099 2359 detexit
1127 2289 1227 2384 igno·

263 2409 409 2480 minium
433 2434 590 2504 campus,
619 2407 756 2479 &dies
807 2406 965 2479 Revulsae
983 2409 1232 2503 Imperatorum

262 2527 441 2623 imagines,
475 2525 642 2597 inhonora
668 2529 773 2620 figua,
802 2523 1013 2621 fulgentibus
1042 2526 1121 2597 hinc
1149 2525 1230 2597 inde

263 2647 442 2717 Gallorum
463 2643 619 2714 vexillisz
651 2645 746 2714 silens
772 2668 910 2738 agmen,
936 2647 968 2712 δι
996 2645 1090 2714 velut
1115 2646 1230 2740 longae

262 2761 441 2858 exsequiae.
490 2763 575 2831 Dux
602 2761 765 2831 Claudius
791 2763 946 2846 sandius,
972 2761 1087 2830 effoffo
1111 2762 1228 2850 oculo,

262 2880 360 2950 dirus
373 2904 444 2967 ore,
459 2879 600 2974 ingenio
618 2878 774 2948 debilior.
824 2877 1031 2971 Duplicatur
1045 2876 1228 2972 flagitium,

262 3000 461 3093 postquam,
491 2994 625 3067 desertis
654 2997 886 3066 Bonnensibus
911 2992 1037 3079 castris,
1067 2996 1171 3065 altera
1197 2993 1229 3066 se

262 3115 355 3211 legio
381 3113 568 3185 miscuerat.
620 3115 665 3182 Et
693 3114 833 3208 vulgat&
856 3134 1031 3206 captarum
1052 3112 1230 3207 legionum

263 3232 368 3319 samir,
383 3231 513 3318 cunc‘li,
532 3230 590 3326 qui
617 3231 732 3324 paullo
748 3229 826 3300 ante
845 3233 1084 3301 Romanorum
1102 3254 1231 3300 nomen

263 3353 459 3436 horrebant,
488 3368 722 3444 procurrentes
738 3368 781 3417 ex
803 3346 893 3441 agris
909 3344 1084 3440 rectisque,
1109 3351 1141 3418 δε
1164 3373 1230 3421 un·

264 3470 369 3565 dique
396 3470 503 3554 effusi,
529 3466 663 3537 insolito
688 3462 880 3559 speslaculo
907 3462 1054 3533 nimiirm
1072 3461 1230 3541 frueban-

264 3608 330 3660 tur.
384 3588 467 3657 Non
486 3584 561 3656 tulit
578 3586 632 3655 ala
647 3581 823 3652 Picentina
852 3579 1020 3676 gaudium
1041 3578 1230 3665 insultantis

262 3704 384 3800 vulgi3
407 3702 589 3798 spretisque
605 3701 719 3772 Sancli
738 3697 919 3794 promissis,
937 3717 996 3768 aut
1012 3696 1126 3786 minis,
1146 3707 1230 3780 Mo.

265 3822 464 3920 gontiacum
477 3823 624 3892 abeunt:
650 3844 689 3889 ac
707 3816 794 3887 sort&
811 3815 917 3887 obvio
929 3812 1144 3889 inter-fertore
1161 3823 1231 3899 Vo.

264 3942 349 4013 culae
368 3938 549 4035 Longin0,
575 3933 737 4029 conjeelis
758 3933 793 4004 in
810 3959 892 4005 eum
904 3931 997 4023 telis,
1016 3931 1152 4011 initium
1170 3970 1231 4018 ex.

707 4055 791 4146 Ur
