3000 5144
434 509 821 583 Hrsronrarrum
856 509 968 581 L1n.
997 508 1060 581 IV.
1163 532 1228 604 ²7¹

260 682 382 759 stantia
406 685 510 772 mala,
536 682 634 757 falsos
659 710 799 781 pavores
819 683 990 773 induerat,
1017 683 1235 757 “descivisse

263 811 290 849 “
310 802 481 889 Africam,
510 828 562 875 res
587 830 695 876 novas
723 805 887 877 moliente
919 806 965 875 L.
995 803 1152 876 Pisone.''
1201 805 1234 874 ls

262 942 406 1018 praeerat
429 920 633 1017 provincia,
662 949 880 1020 nequaquam
899 923 1057 995 turbidus
1078 922 1234 1020 ingenio.

261 1041 329 1113 Sed
347 1040 427 1136 quia
443 1064 548 1113 naves
569 1038 696 1113 saevitia
714 1041 835 1114 hiemis
854 1042 1140 1137 prohibebantur,
1157 1042 1235 1113 vul·

262 1184 342 1256 gos,
371 1157 533 1232 alimenta
550 1159 674 1232 indies
691 1160 832 1234 mereari
849 1158 1000 1249 solitum,
1025 1159 1081 1233 cui
1106 1186 1175 1232 una
1191 1185 1236 1232 ex

262 1276 440 1372 republica
473 1304 620 1351 annonae
652 1305 747 1368 cura,
785 1280 938 1352 clausum
968 1279 1061 1368 litus,
1099 1278 1237 1350 retineri

263 1416 478 1469 commeatus
502 1398 588 1469 dum
612 1397 724 1485 timet,
751 1400 935 1471 credebat:
965 1397 1170 1494 augentibus
1186 1395 1237 1469 sa·

263 1540 359 1590 mam
387 1515 591 1605 Vitellianis,
623 1516 684 1612 qui
709 1517 861 1589 studium
894 1517 1044 1613 partium
1077 1518 1237 1589 nondum

264 1634 467 1732 posuerant:
495 1661 538 1707 ne
554 1635 744 1708 vidoribus
762 1636 906 1731 quidem
924 1636 1062 1733 ingrato
1086 1661 1236 1725 rumore,

265 1779 416 1850 quorum
438 1752 657 1848 cupiditates,
684 1755 833 1827 externis
857 1780 997 1852 quoque
1018 1755 1116 1828 bellis
1138 1756 1235 1827 inex·

266 1873 422 1970 plebiles,
438 1874 533 1944 nulla
550 1898 720 1969 umquam
737 1873 849 1947 civilis
866 1873 1007 1947 vidoria
1023 1873 1166 1948 satiavit.

313 1993 490 2066 XXXIX.
515 1992 725 2064 Karauors
742 1993 927 2086 januariis,
940 1993 976 2065 in
988 1992 1119 2083 senatu,
1133 2020 1238 2091 quem

264 2110 376 2206 Julius
394 2110 593 2199 Frontinus,
617 2133 742 2207 praetor
765 2114 943 2201 Urbanus,
962 2134 1161 2202 vocaverat,
1189 2115 1238 2186 le·

267 2231 355 2327 gatis
372 2229 660 2326 exercitibusque,
685 2255 725 2302 ac
743 2231 895 2327 regibus,
923 2234 1088 2305 “laudes
1112 2229 1238 2331 grates-

267 2353 295 2390 “
314 2351 406 2446 que”
442 2350 600 2421 decretae.
663 2352 710 2421 Et
744 2350 865 2423 Tertio
902 2351 1043 2446 Juliano
1079 2373 1238 2448 praetura,

267 2475 493 2563 “tamquam
524 2465 828 2564 transgredientem
857 2469 892 2541 in
919 2492 1026 2567 partes
1048 2470 1239 2567 Vespasiani

268 2586 489 2682 “legionem
523 2586 754 2673 deseruiffet,''
786 2590 911 2677 ablata,
946 2610 985 2661 ut
1017 2590 1053 2661 in
1087 2590 1240 2663 Plotium

266 2704 440 2801 Griphum
458 2703 702 2776 transferretur.
752 2708 893 2778 Hormo
910 2707 1059 2804 dignitas
1076 2708 1242 2804 equestris

267 2823 358 2897 data.
410 2826 456 2896 Et
480 2849 578 2913 mox,
599 2821 747 2919 ejurante
773 2825 953 2915 Frontino,
980 2827 1092 2899 Caesar
1113 2825 1240 2899 Domi-

266 2942 379 3015 tianus
397 2964 581 3041 praeturam
598 2943 700 3039 cepit.
744 2942 828 3041 Ejus
842 2970 970 3017 nomen
983 2944 1130 3041 epistolis
1146 2947 1241 3019 edic·

266 3061 376 3159 tisque
403 3064 689 3158 praeponebatur:
717 3062 768 3135 vis
787 3088 892 3158 penes
917 3064 1126 3137 Mucianum
1149 3086 1239 3151 erat;

266 3181 328 3254 nisr
345 3180 441 3278 qudd
459 3182 622 3278 pleraque
640 3182 878 3271 Domitianus,
897 3182 1137 3281 instigantibus
1156 3184 1242 3256 arni·

267 3298 331 3389 eis,
366 3320 426 3372 aut
459 3300 597 3396 proprias
625 3300 781 3388 libidine,
816 3302 977 3374 audebat.
1026 3303 1092 3375 Sed
1120 3302 1240 3398 praeci-

265 3444 356 3516 puus
379 3419 549 3492 Muciano
574 3440 687 3492 metus
709 3445 729 3491 e
750 3419 867 3493 Primo
886 3421 1053 3510 Antonio,
1081 3424 1243 3519 Varoque

268 3537 391 3611 Arrio:
424 3563 511 3633 quos
540 3559 703 3627 recentes,
726 3538 902 3635 clarosque
930 3564 1041 3612 rerum
1070 3539 1174 3628 sama,
1199 3568 1242 3614 ac

266 3655 416 3729 militum
441 3656 574 3746 studiis,
601 3657 704 3729 etiam
739 3658 886 3754 populus
911 3657 1062 3746 fovebat,
1093 3659 1176 3756 quia
1203 3661 1241 3732 in

267 3773 444 3846 neminem
460 3777 550 3847 ultra
561 3775 671 3849 aciem
687 3775 875 3848 saevierant.
919 3779 963 3847 Et
980 3774 1147 3850 serebatur
1162 3783 1240 3851 An·

267 3893 384 3966 tonius
406 3893 665 3968 Scribonianum
680 3897 851 3984 Crassum,
868 3895 1014 3993 egregiis
1038 3895 1239 3994 majoribus,
