3000 5144
267 558 288 627 8
468 550 510 623 C.
541 549 811 622 coenem
844 546 1064 619 Trerri'

265 722 301 793 id
330 719 392 808 est,
416 720 542 792 nostras
566 746 706 817 quoque
732 719 895 806 historias,
923 720 956 789 δι
980 720 1148 789 Romana
1172 734 1244 784 no·

265 839 375 929 mina,
394 842 596 912 Graecorum
613 838 737 913 sabulis
753 861 968 935 aggregares.

316 961 375 1030 IV.
403 961 459 1029 Ec
487 957 668 1041 Maternus,
694 959 912 1029 Perturbarer
940 956 1003 1025 hac
1026 954 1082 1023 tud
1111 949 1243 1021 severi·

264 1096 350 1165 tate,
378 1076 436 1147 nifi
461 1073 620 1171 frequens
637 1101 677 1147 ac
696 1077 823 1147 affidua
845 1072 945 1145 nobis
968 1068 1145 1143 contentio
1160 1066 1242 1164 jam

264 1194 372 1291 propi*
399 1194 434 1265 in
463 1192 742 1266 consuetudinem
772 1192 931 1264 vertisset.
980 1190 1074 1260 Nam
1103 1210 1168 1257 nec
1198 1206 1240 1257 tu

263 1312 448 1408 agitare&
477 1311 606 1408 insequi
632 1318 747 1407 po'etas
772 1307 983 1397 intermittis,
1008 1306 1045 1376 δι
1067 1330 1149 1401 eg0,
1177 1302 1240 1376 cui
1319 1342 1323 1359 ·

266 1430 432 1503 desidiam
455 1429 722 1504 advocationum
744 1426 877 1525 objicis,
908 1424 1150 1523 quotidianum
1167 1424 1239 1493 hoc

268 1548 503 1644 patrocinium
544 1548 769 1622 defendendae
810 1545 972 1618 adversus
1011 1562 1046 1614 te
1089 1537 1238 1637 poeticae

265 1690 420 1739 exerceo.
471 1666 554 1763 Qui
582 1668 677 1739 laetor
696 1664 821 1762 magis,
849 1665 1006 1736 oblatum
1023 1659 1122 1733 nobis
1138 1658 1236 1755 judi-

266 1810 357 1873 cem,
387 1786 447 1881 qui
472 1810 528 1857 me
544 1788 600 1857 vel
626 1785 660 1856 in
686 1782 841 1857 futurum
858 1801 948 1854 vetet
970 1777 1082 1851 versus
1105 1776 1236 1866 facere,

265 1904 337 1991 vel,
361 1905 455 1999 quod
466 1903 673 2001 jampridem
691 1924 788 1999 opto,
806 1901 862 1974 sut
878 1924 1020 1996 quoque
1036 1896 1238 1970 auctoritate
1261 1956 1264 1961 .

263 2025 463 2116 compellat,
482 2042 518 2093 ut
536 2020 852 2094 omillissorensnrm
870 2017 1045 2091 cansarum
1057 2014 1236 2111 angustiis»,

265 2136 301 2208 in
319 2139 445 2231 quibus
461 2140 535 2211 satis
553 2140 638 2211 milri
656 2139 823 2236 superque
835 2137 993 2211 sudatum
1009 2134 1071 2223 est,
1089 2133 1236 2206 sandio-

263 2279 337 2325 tem
355 2254 451 2326 istam
468 2258 503 2326 δι
522 2256 754 2353 augustiorem
767 2254 998 2353 eloquentiam
1010 2254 1136 2327 colam.

313 2374 356 2440 V.
384 2374 465 2444 Eoo
492 2375 586 2460 reri),
620 2374 731 2469 inquit
760 2378 926 2462 Secundus,
957 2394 1144 2468 antequam
1177 2396 1237 2443 me

258 2485 413 2583 judicem
430 2498 528 2586 Aper
543 2491 685 2582 recuset,
704 2491 840 2583 faciam,
866 2492 961 2588 quod
980 2489 1080 2586 probi
1106 2494 1139 2561 δι
1157 2514 1236 2561 mo-

262 2606 346 2678 desti
364 2605 499 2703 judices
516 2607 637 2699 solent,
664 2632 701 2682 ut
719 2610 754 2682 in
772 2611 823 2683 his
840 2602 1099 2708 cognitionibus
1121 2606 1155 2680 se
1172 2633 1235 2680 ex-

262 2723 390 2815 cusent,
424 2727 459 2798 in
489 2727 614 2824 quibus
632 2726 851 2802 manifestum
877 2729 939 2817 est,
970 2728 1111 2800 alteram
1139 2728 1236 2823 apud

260 2868 318 2915 eos
349 2868 476 2939 partem
509 2848 616 2945 gratia
646 2850 840 2943 prevalere.
890 2848 978 2943 Qus
996 2846 1089 2917 enim
1112 2844 1235 2933 nescit,

260 2964 433 3036 neminem
454 2968 537 3038 milri
549 2966 824 3063 'conirnsciiorem
844 2969 909 3037 ell'e
927 2968 962 3035 δι
980 2964 1039 3036 usu
1056 2964 1233 3052 arnicitiae,

261 3081 505 3157 &assiduitate
529 3085 758 3173 contubernii,
789 3086 895 3179 cpritm
912 3084 1058 3155 Saleium
1082 3084 1233 3170 Bassum,

260 3199 341 3269 ciam
375 3202 545 3295 optimum
569 3204 698 3292 vitum,
732 3225 807 3275 trrrn
830 3201 1111 3275 ablolutissrmum
1145 3208 1232 3296 poe-

260 3322 361 3388 tam?
391 3346 491 3413 porro
510 3326 530 3392 sr
549 3322 685 3417 poetica
707 3320 891 3408 accusatur,
919 3346 990 3391 non
1008 3320 1113 3392 alium
1130 3320 1233 3391 video

260 3460 356 3506 telins
383 3438 654 3534 locupletiorem.
705 3443 846 3511 Securus
864 3442 915 3527 fit,
940 3438 1051 3535 inquit
1070 3441 1169 3534 Aper,
1194 3444 1233 3512 dt

258 3555 385 3625 Saleius
399 3560 524 3645 Bellus,
543 3558 579 3626 ἃ
602 3556 752 3653 quisquis
769 3557 855 3628 alius
872 3556 1022 3628 studium
1035 3558 1178 3652 po'e'ticae
1194 3560 1230 3629 δι

259 3672 450 3745 carminum
479 3676 625 3773 gloriam
649 3676 758 3763 fovet,
784 3677 864 3747 ciam
891 3673 1003 3747 causas
1033 3700 1133 3771 agere
1160 3703 1232 3749 non

259 3792 369 3879 possit.
422 3795 501 3889 Ego
528 3793 634 3881 enim,
665 3815 828 3889 quatenus
850 3794 1015 3865 arbitrum
1040 3793 1106 3864 litis
1131 3792 1231 3889 hujus

256 3903 385 3995 imeni,
419 3926 489 3983 non
518 3914 637 4010 patiar,
665 3915 868 3985 Maternum
897 3910 1052 3986 societate
1077 3912 1230 4009 plurium
