3000 5144
454 543 1071 621 Hrsronrnnoanrs.IIl.
1172 573 1237 647 ¹79

268 705 442 800 provecla.
491 709 558 780 Sed
575 709 635 781 ubi
653 708 789 784 fortuna
807 715 924 786 contra
941 713 1018 805 fuit,
1035 740 1106 788 non
1123 716 1236 787 laxare

265 823 417 913 ordines,
446 850 517 899 non
539 827 686 924 recipcre
713 833 879 920 turbatos,
907 857 977 904 non
1005 832 1234 921 obviamne,

266 943 424 1040 ultroque
441 945 585 1042 adgredi
603 948 747 1040 hostem,
765 968 900 1021 tantum
918 975 978 1047 per
993 949 1139 1046 spatium
1156 977 1233 1023 cur-

264 1059 302 1135 su
322 1066 356 1132 &
380 1065 570 1159 pugnando
594 1063 739 1138 feffum:
765 1066 850 1139 forte
867 1068 962 1155 vieti,
980 1068 1073 1140 haud
1093 1067 1235 1163 perinde

265 1181 365 1252 rebus
396 1182 561 1278 prosperis
596 1186 722 1256 ducem
750 1186 1034 1275 defideraverant,
1068 1207 1169 1283 atque
1198 1186 1234 1259 in

267 1297 414 1372 adverfis
440 1301 552 1375 deess'e
586 1300 836 1399 intelligebant.
902 1305 1096 1377 Nutantem
1124 1305 1234 1377 aciem

266 1415 376 1489 victor
404 1418 575 1515 equitatus
607 1420 773 1495 incursat:
803 1427 836 1495 δι
865 1422 1060 1519 Vipstanius
1076 1425 1234 1514 Messala,

266 1533 438 1626 tribunus,
472 1563 554 1611 cum
581 1540 735 1612 Moesrcis
768 1540 991 1615 auxiliaribus
1023 1540 1233 1638 adsequitur,

267 1679 354 1750 quos
371 1655 502 1732 militiae
520 1657 628 1753 gloria
651 1658 858 1756 legionariis,
882 1685 1096 1757 quamquam
1111 1659 1235 1755 raptim

267 1773 402 1862 dunos,
420 1780 589 1872 aequabat.
638 1780 691 1851 Ita
706 1777 837 1850 mixtus
854 1780 958 1875 pedes
975 1777 1159 1876 equesque,
1176 1803 1233 1849 ru·

267 1894 349 1987 pere
381 1893 559 1991 legionum
592 1921 730 1993 agmen.
796 1899 842 1968 Et
870 1896 1064 1993 propinqua
1090 1897 1234 1969 Cremo-

266 2013 418 2084 nenfium
443 2014 588 2104 moenia,
612 2014 742 2111 quanto
771 2016 849 2111 plus
881 2014 951 2111 spei
976 2015 1021 2088 ad
1048 2014 1232 2112 effugium,

267 2129 362 2202 tantb
379 2130 548 2205 minorem
561 2134 605 2205 ad
619 2133 837 2207 resistendum
853 2133 1009 2205 animum
1020 2132 1160 2206 dabant.

313 2250 414 2321 XIX.
440 2252 526 2323 Nec
545 2250 720 2325 Antonius
744 2253 833 2325 ultra
861 2250 996 2341 institit,
1026 2276 1159 2324 memor
1184 2252 1233 2322 la·

268 2367 358 2440 bon‘s
374 2394 413 2441 ac
431 2372 625 2459 vulnerum,
650 2370 777 2468 quibus
793 2390 863 2443 tam
886 2396 1011 2467 anceps
1032 2369 1146 2466 proelii
1165 2367 1234 2442 for·

265 2504 360 2575 tuna,
378 2489 536 2584 quamvis
558 2489 718 2586 prospero
735 2491 818 2579 fine,
836 2489 967 2586 equites
983 2487 1155 2585 equosque
1170 2490 1232 2562 ad·

264 2605 461 2679 fliCIaverat.
510 2610 736 2683 Inumbrante
757 2607 906 2705 vespera,
935 2606 1130 2681 universum
1154 2609 1232 2682 Fla·

265 2724 356 2799 viani
380 2726 550 2800 exercitlls
579 2729 685 2799 robur
717 2727 868 2801 advenit.
929 2730 1050 2825 thue
1076 2729 1234 2799 cumulos

268 2840 378 2941 super,
410 2850 443 2918 δι
478 2833 627 2919 recentia
648 2847 743 2919 caede
767 2845 911 2943 vestigia
937 2845 1113 2934 incessere,
1142 2849 1235 2940 quast

264 2962 473 3038 debellatum
489 2964 591 3055 foret,
622 2970 649 3005 “
668 2989 809 3064 pergere
825 2967 1049 3055 Cremonam,
1075 2970 1108 3036 δι
1125 2964 1234 3037 villos

265 3089 292 3125 “
310 3082 345 3155 in
361 3083 574 3158 deditionem
591 3083 760 3180 accipere,
785 3105 843 3156 aut
860 3085 1082 3182 expugnare’'
1109 3083 1233 3181 depos-

267 3222 360 3274 cunt.
412 3205 502 3279 Haec
529 3204 564 3274 in
590 3203 720 3291 medio,
756 3204 901 3298 pulchra
929 3203 1035 3277 dictu.
1084 3204 1147 3276 Illa
1175 3204 1235 3276 fibi

266 3320 433 3417 quisque:
471 3329 498 3362 “
517 3324 617 3394 Polse
644 3319 817 3393 coloniam
847 3323 952 3418 plano
978 3324 1073 3394 fitam
1101 3320 1235 3418 impetu

264 3446 296 3482 “
316 3440 403 3535 capi.
453 3442 552 3514 Idem
570 3439 722 3512 audaciae
743 3464 802 3535 per
828 3440 983 3513 tenebras
1008 3440 1234 3537 inrumpenti-

268 3565 295 3601 “
315 3560 393 3645 bus,
421 3562 454 3631 &
483 3557 647 3654 majorem
675 3557 828 3654 rapiendi
861 3557 1057 3630 licentiam:
1084 3558 1179 3655 quod
1210 3563 1232 3634 s1

267 3678 428 3750 “lucem
462 3677 695 3773 opperiantur,
726 3674 802 3772 jam
836 3702 970 3772 pacem,
992 3674 1066 3772 jam
1102 3703 1231 3772 preces,

267 3802 297 3838 “
317 3799 349 3866 &
367 3822 428 3892 pro
447 3797 564 3869 labore
586 3822 625 3868 ac
645 3796 855 3884 vulneribus,
874 3793 1093 3867 clementiam
1110 3799 1143 3868 &
1158 3798 1234 3894 glo·

266 3921 293 3960 “
311 3915 411 4006 riam,
430 3913 557 4006 inania,
580 3915 730 3990 laturos:
757 3913 814 3986 sed
837 3939 920 4011 opes
935 3915 1230 4006 cremonenfium,

723 4032 894 4106 Na·
