3000 5144
259 546 327 621 292
482 510 1042 592 eco‘mm'rncm

257 712 351 765 rente
362 690 439 764 sane
459 691 585 779 Civile,
605 692 851 788 &increpante
866 694 1076 780 Germanos,
1094 696 1123 733 “
1140 709 1234 763 tant-

260 818 287 852 “
306 836 409 906 quam
439 811 545 881 fidem
574 836 633 905 per
656 810 761 882 scelus
784 810 1064 905 abrumperent.”
1111 808 1233 879 Simu·

260 929 326 999 lata
352 952 392 998 ea
420 925 555 1013 suerint,
580 954 621 997 an
651 926 793 998 retinere
819 926 992 999 sevientes
1019 923 1233 1021 nequiverit,

260 1070 381 1139 parum
415 1046 608 1116 affirmatur.
658 1044 810 1139 Direptis
835 1043 962 1132 castris,
997 1041 1085 1115 faces
1120 1040 1233 1137 injici-

260 1182 344 1234 unt:
376 1161 597 1258 modosque,
621 1161 680 1258 qui
698 1162 822 1257 proelio
838 1160 1081 1257 superfuerant,
1108 1160 1232 1233 incen-

260 1281 358 1351 dium
376 1282 494 1350 haufit.

310 1400 409 1469 LXI.
434 1398 605 1483 Crrrrrs,
627 1398 773 1470 barbaro
798 1417 894 1484 voto,
923 1396 998 1491 post
1025 1415 1141 1491 coepta
1167 1396 1231 1469 ad·

264 1517 380 1587 versus
415 1519 594 1587 Romanos
626 1540 734 1603 arma,
765 1540 957 1611 propexum
986 1514 1234 1609 rutilatumque

263 1632 407 1717 crinem,
434 1637 561 1726 patratrl
577 1634 720 1704 demum
738 1634 832 1705 caede
847 1632 1039 1728 legionum,
1061 1629 1231 1726 deposuit.

265 1754 312 1823 Et
338 1748 507 1822 ferebatur
530 1752 672 1845 parvulo
697 1750 781 1838 filio,
806 1749 973 1846 quosdam
996 1749 1231 1845 captivorum,

264 1867 392 1965 sagittis
416 1866 605 1964 jaculisque
636 1868 820 1963 puerilibus
853 1868 1025 1963 figendos,
1059 1867 1230 1939 obtulisse.

263 1987 427 2058 Ceterum
445 2010 558 2082 neque
573 1985 619 2074 se,
638 2011 749 2082 neque
766 2010 979 2081 quemquam
996 1988 1178 2074 Batavum,
1196 1985 1231 2057 in

262 2106 368 2175 rerba
377 2104 566 2176 Galliarum
578 2104 708 2200 adegit,
720 2103 797 2176 fisus
810 2107 1064 2176 Germanorum
1080 2101 1205 2199 opibus
1217 2130 1229 2187 ;

264 2226 313 2309 ἃ,
328 2225 350 2291 st
367 2221 566 2292 certandum
583 2222 743 2293 adversus
763 2224 882 2294 Gallos
899 2222 943 2292 de
959 2221 1156 2317 pollellrone
1177 2244 1231 2291 re·

265 2363 345 2409 rum
369 2336 468 2424 soret,
494 2338 628 2411 inclitus
660 2337 765 2427 sams,
795 2343 828 2410 δι
858 2339 982 2434 potior.
1032 2338 1231 2411 Mummius

264 2456 461 2547 Lupercus,
478 2456 609 2549 legatus
626 2456 785 2551 legionis,
808 2456 896 2529 inter
911 2457 1005 2528 dona
1027 2455 1144 2529 missus
1159 2457 1230 2528 Ve-

273 2571 371 2643 ledae.
423 2572 475 2641 Ea
490 2571 590 2668 virgo
614 2574 760 2646 nationis
776 2576 957 2662 Bruslerae,
977 2572 1044 2644 late
1060 2571 1235 2670 imperita-

265 2690 338 2777 bat,
364 2707 480 2760 vetere
498 2691 591 2783 apud
616 2692 808 2763 Germanos
832 2716 941 2779 more,
961 2716 1032 2787 quo
1056 2688 1232 2789 plerasque

265 2804 468 2878 seminarum
502 2804 668 2895 fatidicae,
699 2812 731 2880 ὃ(
760 2807 961 2904 augescente
983 2807 1231 2905 superstitione,

265 2926 471 2996 arbitrantur
482 2924 572 2996 deas.
617 2927 790 3020 Tuncque
802 2927 938 2997 Veledae
952 2926 1134 2999 audoritas
1147 2927 1232 2999 ado·

267 3042 372 3111 levit:
400 3067 480 3113 nam
497 3048 524 3082 “
543 3042 716 3137 prosperas
727 3044 905 3115 Germanis
922 3069 987 3132 res,
1007 3044 1233 3119 &excidium

268 3166 294 3200 “
312 3158 513 3253 legionum’'
539 3159 754 3253 praedixerat.
803 3162 868 3234 Sed
893 3164 1088 3258 Lupercus,
1119 3162 1154 3234 in
1178 3163 1233 3236 iti·

267 3302 347 3348 nere
363 3276 568 3348 intersedus.
619 3278 723 3350 Pauci
742 3279 981 3352 centurionum
999 3281 1233 3354 tribunorum·

268 3419 338 3487 quc
358 3395 393 3465 in
419 3394 531 3466 Gallia
559 3395 678 3491 geniti,
701 3396 922 3487 reservantur,
947 3397 1071 3494 pignus
1094 3397 1234 3475 societa-

268 3511 322 3582 tis.
371 3511 587 3600 Cohortium,
614 3514 760 3601 alarum,
781 3514 970 3611 legionum,
998 3516 1234 3590 hibernasub·

269 3630 364 3699 versa
388 3650 625 3724 crematoque:
650 3630 688 3702 iis
717 3632 851 3702 tantiam
879 3632 1017 3724 relislis,
1046 3660 1124 3730 quae
1147 3636 1235 3707 Mo·

271 3744 433 3842 gontiaci‚
452 3772 491 3820 ac
508 3746 718 3820 Vindoniffae
736 3752 795 3821 fita
810 3748 896 3823 sunt.
