3000 5144
261 597 327 671 ¹50
460 573 502 647 C.
543 574 808 648 Constabit
851 573 1053 648 Tractat

259 754 282 822 sr
300 776 319 821 a
336 748 519 822 virtutibus
533 749 848 847 proficiscerentur;
866 749 1033 823 memoria
1044 748 1125 821 vitae
1139 748 1233 846 prio·

258 872 316 954 ris,
340 867 499 940 indecora
518 875 549 941 &
568 870 651 941 vilia
668 869 931 965 accipiebantur.
981 867 1178 942 Ventitabat
1195 867 1234 941 in

260 984 427 1074 senatum,
446 989 550 1058 etiam
570 989 651 1060 cum
671 988 784 1083 parvis
801 989 845 1060 de
868 990 968 1061 rebus
985 1008 1094 1083 patres
1111 984 1234 1060 consu·

256 1106 412 1178 letentur.
464 1113 518 1178 Ac
536 1105 619 1178 sorte
644 1106 774 1178 Priscus
791 1106 993 1195 Helvidius,
1021 1125 1148 1200 ptaetor
1170 1106 1235 1178 de-

261 1227 423 1321 signatus,
442 1247 561 1298 contra
579 1224 728 1297 studium
742 1223 813 1321 ejus
830 1224 1013 1298 censuerat.
1062 1225 1233 1297 Commo-

260 1364 315 1415 tus
339 1342 450 1438 primb
466 1343 637 1430 Vitellius,
656 1369 726 1415 non
744 1366 860 1415 tamen
881 1345 981 1432 ultra,
1004 1344 1112 1439 quam
1132 1351 1158 1384 “
1174 1342 1233 1414 tri·

262 1470 289 1506 “
309 1465 420 1534 bunos
438 1463 546 1558 plebis
569 1462 604 1534 in
621 1461 787 1533 auxilium
811 1462 931 1559 spretae
955 1461 1148 1560 potestatis''
1171 1463 1234 1534 ad·

260 1581 407 1654 vocavit.
458 1584 550 1652 Mox
573 1580 812 1677 mitigantibus
836 1581 969 1669 amicis,
1001 1580 1062 1677 qui
1077 1579 1234 1652 altiorem

261 1700 332 1799 ejus
349 1700 560 1772 iracundiam
573 1703 789 1789 verebantur,
807 1700 933 1771 “nihil
952 1700 1034 1772 novi
1052 1699 1235 1772 accidiffe’'

261 1818 448 1916 respondit,
464 1826 489 1859 ‘⁶
506 1818 599 1914 quod
610 1821 680 1891 duo
694 1819 860 1892 senatores
876 1819 910 1893 iu
924 1818 1098 1914 republica
1110 1818 1234 1891 diffen-

264 1945 293 1981 “
311 1939 429 2010 tirent:
458 1936 593 2011 solitum
615 1939 647 2013 se
665 1939 770 2012 etiam
787 1938 945 2010 Thrasea
964 1937 1233 2010 contradicere.”

262 2059 403 2130 Inrisbe
429 2058 580 2154 plerique
609 2057 861 2153 impudentiam
887 2055 1131 2130 aemulationis:
1162 2055 1235 2130 aliis

263 2177 299 2249 id
329 2177 439 2272 ipsum
466 2179 634 2271 placebat,
654 2176 749 2272 qubd
763 2177 938 2248 neminem
955 2201 999 2248 ex
1018 2174 1234 2272 praepotenti-

261 2294 404 2383 bus,sed
415 2293 597 2366 Thraseam
610 2296 654 2366 ad
669 2297 846 2391 exemplar
858 2322 947 2368 verae
961 2295 1079 2393 gloria
1094 2294 1235 2392 legisset.

310 2415 422 2485 XCll.
448 2415 742 2487 pannosum
766 2415 973 2510 praetorianis
997 2417 1036 2486 P.
1053 2414 1233 2503 Sabinum,

262 2529 500 2625 apraseelural
521 2532 681 2622 cohortis,
711 2533 844 2626 Julium
862 2533 1029 2622 Priscum,
1058 2554 1134 2605 tum
1152 2557 1233 2605 cen·

264 2650 454 2722 turioncm:
495 2650 638 2741 Priscus,
671 2653 848 2736 Valentis;
891 2653 1051 2740 Sabinus,
1087 2653 1233 2725 Caecinae

265 2770 372 2866 gratis
398 2771 585 2864 pollebant.
647 2774 739 2843 lnter
771 2772 953 2859 discordes,
983 2770 1122 2844 Vitellio
1149 2771 1234 2844 nihil

265 2888 471 2962 auc‘loritatis
483 2918 493 2962 ¹:
514 2890 632 2961 munia
650 2889 783 2985 imperii
802 2890 940 2963 Caecina
959 2917 998 2963 ac
1012 2892 1140 2963 Valens
1158 2890 1234 2963 obi·

263 3010 368 3090 bant;
393 3009 478 3080 olim
495 3008 586 3079 anxii
606 3009 707 3096 odiis,
734 3036 825 3104 quae,
842 3011 934 3081 bello
960 3014 991 3081 ἃ
1010 3008 1126 3082 castris
1144 3010 1234 3082 male

259 3128 477 3214 dissimulata,
508 3127 653 3222 pravitas
682 3129 889 3215 amicorum,
914 3133 947 3200 ὅτ
977 3126 1126 3200 secunda
1154 3130 1231 3226 gig-

261 3248 382 3318 nendis
410 3246 598 3319 inimicitiis
624 3245 743 3318 civitas
775 3267 928 3334 auxerat,
964 3249 1051 3320 dum
1084 3248 1232 3338 ambitu,

263 3366 443 3453 comitatu,
471 3371 502 3437 &
519 3366 691 3437 immenlis
707 3364 924 3439 salutantium
941 3366 1138 3462 agminibus
1151 3393 1233 3439 con·

260 3488 420 3574 tendunt,
439 3507 771 3581 comparanturque3
791 3484 891 3557 variis
902 3485 936 3556 in
953 3486 1045 3557 hunc
1061 3508 1119 3558 aut
1137 3486 1235 3559 illum

262 3604 391 3675 Vitellii
420 3604 708 3676 inclinationibus.
758 3607 836 3676 Nee
869 3631 1036 3702 uinquam
1061 3606 1137 3679 satis
1166 3609 1236 3682 fida

263 3725 426 3819 potentia,
441 3723 501 3795 ubi
518 3724 623 3795 nimia
636 3723 693 3796 est.
726 3723 835 3795 Simul
848 3722 958 3818 ipsum
972 3724 1164 3811 Vitellium,
1182 3725 1236 3800 su·

260 3842 341 3914 bitis
351 3845 483 3915 offensis
499 3863 557 3914 aut
571 3841 818 3937 intempestivis
832 3843 1005 3915 blanditiis
1019 3844 1235 3933 mutabilem,

262 3963 529 4035 contemnebant
542 3962 824 4058 nietuebantque.
878 3965 955 4035 Nec
974 3962 1015 4037 el)
1036 3963 1170 4060 segnitia
1182 3963 1234 4036 iu,
