3000 5144
258 540 326 609 260
423 530 1019 605 oconnsmTacm

308 704 425 776 XXV.
450 703 513 772 Sic
542 700 705 797 mitigatis
729 698 865 787 animis,
895 701 1064 785 Bonnam,
1090 693 1238 767 hiberna

264 820 383 917 primae
416 820 576 915 legionis,
610 840 766 890 ventum.
822 814 988 889 lnsensior
1017 813 1087 885 illic
1119 812 1237 901 miles,

263 940 404 1033 eulpam
430 938 535 1010 cladis
562 938 598 1008 in
633 935 881 1008 Hordeonium
912 936 1089 1006 vertebat:
1124 928 1241 1027 “ejus

265 1064 293 1098 “
306 1054 398 1151 jussu
427 1056 592 1128 direc‘lam
619 1054 782 1126 adversus
814 1056 959 1125 Batavos
988 1052 1111 1139 aciem,
1146 1069 1239 1121 tam·

266 1183 292 1217 “
311 1200 418 1271 quam
460 1200 480 1245 a
519 1172 752 1270 Mogontiaco
795 1172 948 1269 legiones
997 1169 1237 1266 sequerentur:

266 1290 463 1388 “ejusdem
494 1292 686 1387 proditione
715 1291 830 1377 casm,
861 1290 964 1362 nullis
997 1287 1240 1383 supervenien-

265 1410 402 1483 “tibus
428 1410 570 1482 auxiliis.
621 1412 745 1506 ignota
774 1410 848 1481 haec
876 1406 995 1480 ceteris
1016 1404 1238 1495 exercitibus,

266 1538 294 1573 “
313 1555 425 1625 neque
443 1528 644 1624 Imperatori
662 1528 722 1599 suo
741 1526 903 1616 nuntiari,
924 1527 1006 1598 clun
1023 1522 1168 1596 adcursu
1188 1543 1242 1596 tot

265 1655 292 1690 “
312 1647 565 1743 provinciarum
579 1645 749 1743 exstingui
765 1671 884 1741 repens
901 1644 1045 1740 perfidia
1057 1642 1243 1739 potuerit.”

267 1762 495 1839 Hordeonius
508 1764 715 1858 exemplaria
731 1765 890 1836 omnium
909 1763 1097 1850 literarum,
1114 1762 1243 1859 quibus

267 1909 328 1980 per
340 1884 469 1953 Gallias
486 1880 767 1976 Britanniamque
781 1886 813 1953 δε
826 1880 1010 1978 Hispanias
1023 1880 1150 1953 auxilia
1162 1904 1241 1952 ora·

266 2005 340 2088 bat,
360 2000 524 2072 exercitui
551 1998 728 2083 recitavit;
757 1999 970 2096 instituitque
988 2001 1169 2095 peffimum
1189 1995 1242 2069 fa·

268 2120 379 2208 cinus,
408 2138 445 2189 ut
469 2117 620 2214 epistola
640 2118 841 2213 Aquiliseris
860 2118 1041 2214 legionum
1064 2118 1242 2189 traderen-

266 2259 334 2324 tur,
353 2262 372 2307 a
389 2238 466 2331 quls
483 2234 561 2305 ante
583 2234 697 2322 militi,
717 2238 823 2332 quim
847 2237 1008 2326 ducibus,
1027 2237 1241 2333 legebantur.

177 2410 182 2417 .
267 2358 364 2427 Tum
390 2378 409 2423 e
433 2349 591 2422 seditiosis
616 2378 726 2457 unum
743 2353 861 2426 vinciri
878 2354 993 2452 jubet,
1021 2355 1132 2452 magis
1148 2354 1244 2427 usur·

268 2470 372 2568 pandi
384 2468 482 2566 juris,
503 2470 609 2563 quim
624 2469 706 2565 quia
721 2472 822 2544 unius
840 2477 942 2569 culpa
955 2472 1053 2546 soret.
1103 2471 1244 2546 Motus-

249 2615 337 2685 ‚que
354 2590 472 2661 Bonnlt
485 2591 654 2660 exercitus
673 2589 705 2659 in
723 2591 908 2664 Coloniam
924 2591 1214 2690 Agrippinensem
1230 2619 1241 2677 ;

268 2708 499 2781 adfluentibus
514 2706 647 2778 auxiliis
661 2709 855 2797 Gallorum,
871 2711 931 2806 qui
949 2710 1061 2806 primi)
1074 2736 1148 2783 rem
1166 2714 1243 2784 Ro·

271 2853 409 2900 manam
425 2823 717 2921 enixejuvabant.
766 2829 873 2915 Mox,
892 2827 1141 2902 valescentibus
1152 2832 1240 2901 Ger-

270 2947 394 3034 manis,
419 2947 588 3040 pleraeque
616 2944 770 3014 civitates
794 2946 975 3018 adversum
1003 2973 1065 3018 nos
1090 2969 1243 3036 armatae,

273 3065 331 3160 spe
351 3063 540 3146 libertatis;
570 3067 616 3148 lla,
647 3062 852 3133 fiexuiss'ent
868 3062 1056 3153 servitium,
1082 3066 1246 3161 cupidine

271 3180 504 3276 imperitandi.
555 3178 728 3250 Gliscebat
755 3180 929 3253 iracundia
956 3185 1149 3280 legionum,
1180 3213 1244 3259 nec

271 3320 433 3369 terrorem
463 3297 561 3368 unius
596 3296 713 3368 militis
742 3299 880 3370 vincula
908 3301 1124 3375 indiderant:
1159 3305 1245 3401 quin

273 3417 366 3487 idem
385 3416 440 3485 ille
452 3419 614 3510 arguebat
632 3417 719 3486 ultro
734 3423 761 3457 “
773 3417 1013 3490 conscientiam
1032 3421 1144 3510 ducis,
1157 3445 1245 3495 tarn·

274 3542 427 3627 “quun
458 3533 597 3604 nuntius
618 3534 705 3605 inter
722 3534 871 3605 Civilem
888 3537 1135 3634 Flaccumque,
1162 3539 1246 3613 falso

276 3660 303 3692 “
322 3650 478 3735 crimine,
498 3650 587 3721 testis
606 3652 678 3722 veri
695 3651 985 3747 opprimeretur.’'
1034 3657 1246 3732 Conscendit

275 3768 424 3838 tribunal
456 3769 602 3856 Vocula,
633 3769 718 3841 mir-lt
746 3770 945 3859 constantii,
973 3773 1246 3872 prehensumque

275 3882 423 3956 militem
450 3906 490 3954 ac
518 3884 778 3978 vociferantem,
807 3894 834 3931 ‘⁴
853 3889 932 3961 duci
951 3891 994 3962 ad
1012 3890 1247 3989 supplicium''
