<?xml version="1.0" encoding="UTF-8"?>
<!DOCTYPE html PUBLIC "-//W3C//DTD XHTML 1.0 Transitional//EN"
    "http://www.w3.org/TR/xhtml1/DTD/xhtml1-transitional.dtd">
<html xmlns="http://www.w3.org/1999/xhtml" xml:lang="en" lang="en">
 <head>
  <title>
</title>
<meta http-equiv="Content-Type" content="text/html;charset=utf-8" />
  <meta name='ocr-system' content='tesseract 3.04.00' />
  <meta name='ocr-capabilities' content='ocr_page ocr_carea ocr_par ocr_line ocrx_word'/>
</head>
<body>
  <div class='ocr_page' id='page_1' title='image "./ccorneliitaciti02ernegoog_0114.png"; bbox 0 0 3000 5144; ppageno 0'>
   <div class='ocr_carea' id='block_1_1' title="bbox 378 541 1159 646">
    <p class='ocr_par' dir='ltr' id='par_1_1' title="bbox 378 541 1159 646">
     <span class='ocr_line' id='line_1_1' title="bbox 378 541 1159 646; baseline 0.013 -31"><span class='ocrx_word' id='word_1_1' title='bbox 378 541 770 617; x_wconf 81' lang='lat' dir='ltr'>Hrsronrrtnunr</span> <span class='ocrx_word' id='word_1_2' title='bbox 802 545 910 618; x_wconf 81' lang='lat' dir='ltr'>Lrn.</span> <span class='ocrx_word' id='word_1_3' title='bbox 944 547 991 620; x_wconf 86' lang='grc' dir='ltr'>ΙΙ.</span> <span class='ocrx_word' id='word_1_4' title='bbox 1094 574 1159 646; x_wconf 84' lang='lat'>105</span> 
     </span>
    </p>
   </div>
   <div class='ocr_carea' id='block_1_2' title="bbox 182 713 1185 3945">
    <p class='ocr_par' dir='ltr' id='par_1_2' title="bbox 188 713 1185 1416">
     <span class='ocr_line' id='line_1_2' title="bbox 190 713 1161 817; baseline 0.003 -28"><span class='ocrx_word' id='word_1_5' title='bbox 190 731 337 811; x_wconf 86' lang='lat' dir='ltr'>utroque</span> <span class='ocrx_word' id='word_1_6' title='bbox 353 713 605 810; x_wconf 88' lang='lat' dir='ltr'>immodicum)</span> <span class='ocrx_word' id='word_1_7' title='bbox 626 718 802 792; x_wconf 83' lang='lat' dir='ltr'>laudantes</span> <span class='ocrx_word' id='word_1_8' title='bbox 820 718 1069 817; x_wconf 82' lang='lat' dir='ltr'>gratantesque,</span> <span class='ocrx_word' id='word_1_9' title='bbox 1094 721 1161 796; x_wconf 64' lang='lat' dir='ltr'>cir·</span> 
     </span>
     <span class='ocr_line' id='line_1_3' title="bbox 188 835 1160 934; baseline 0.005 -26"><span class='ocrx_word' id='word_1_10' title='bbox 188 835 394 908; x_wconf 89' lang='lat' dir='ltr'>cumdatum</span> <span class='ocrx_word' id='word_1_11' title='bbox 422 835 545 932; x_wconf 87' lang='lat' dir='ltr'>aquilis</span> <span class='ocrx_word' id='word_1_12' title='bbox 573 836 754 934; x_wconf 84' lang='lat' dir='ltr'>fignisque,</span> <span class='ocrx_word' id='word_1_13' title='bbox 784 839 819 910; x_wconf 96' lang='lat' dir='ltr'>in</span> <span class='ocrx_word' id='word_1_14' title='bbox 853 839 1000 912; x_wconf 87' lang='lat' dir='ltr'>tribunal</span> <span class='ocrx_word' id='word_1_15' title='bbox 1034 838 1160 921; x_wconf 86' lang='lat' dir='ltr'>ferunt,</span> 
     </span>
     <span class='ocr_line' id='line_1_4' title="bbox 189 952 1178 1056; baseline 0.009 -29"><span class='ocrx_word' id='word_1_16' title='bbox 189 955 266 1042; x_wconf 91' lang='lat' dir='ltr'>Ille,</span> <span class='ocrx_word' id='word_1_17' title='bbox 285 952 361 1026; x_wconf 93' lang='lat' dir='ltr'>utili</span> <span class='ocrx_word' id='word_1_18' title='bbox 381 954 628 1047; x_wconf 79' lang='lat' dir='ltr'>moderatione,</span> <span class='ocrx_word' id='word_1_19' title='bbox 647 983 717 1029; x_wconf 90' lang='lat' dir='ltr'>non</span> <span class='ocrx_word' id='word_1_20' title='bbox 734 957 939 1054; x_wconf 88' lang='lat' dir='ltr'>supplicium</span> <span class='ocrx_word' id='word_1_21' title='bbox 960 956 1178 1056; x_wconf 82' lang='lat' dir='ltr'>cujusquam¹</span> 
     </span>
     <span class='ocr_line' id='line_1_5' title="bbox 190 1074 1185 1177; baseline -0.002 -25"><span class='ocrx_word' id='word_1_22' title='bbox 190 1078 347 1177; x_wconf 85' lang='lat' dir='ltr'>poposcit</span> <span class='ocrx_word' id='word_1_23' title='bbox 365 1110 374 1153; x_wconf 90' lang='lat'>:</span> <span class='ocrx_word' id='word_1_24' title='bbox 401 1101 440 1148; x_wconf 86' lang='lat' dir='ltr'>ac</span> <span class='ocrx_word' id='word_1_25' title='bbox 459 1101 502 1148; x_wconf 93' lang='lat' dir='ltr'>ne</span> <span class='ocrx_word' id='word_1_26' title='bbox 519 1076 730 1147; x_wconf 77' lang='lat' dir='ltr'>disfimulans</span> <span class='ocrx_word' id='word_1_27' title='bbox 747 1074 930 1173; x_wconf 72' lang='lat' dir='ltr'>suspeelior</span> <span class='ocrx_word' id='word_1_28' title='bbox 946 1074 1048 1166; x_wconf 87' lang='lat' dir='ltr'>foret,</span> <span class='ocrx_word' id='word_1_29' title='bbox 1075 1076 1185 1175; x_wconf 86' lang='lat' dir='ltr'>pau·&#39;</span> 
     </span>
     <span class='ocr_line' id='line_1_6' title="bbox 189 1170 1183 1297; baseline -0.001 -28"><span class='ocrx_word' id='word_1_30' title='bbox 189 1224 249 1273; x_wconf 93' lang='lat' dir='ltr'>cos</span> <span class='ocrx_word' id='word_1_31' title='bbox 265 1199 455 1274; x_wconf 83' lang='lat' dir='ltr'>incusavit:</span> <span class='ocrx_word' id='word_1_32' title='bbox 482 1222 606 1295; x_wconf 85' lang='lat' dir='ltr'>gnarus</span> <span class='ocrx_word' id='word_1_33' title='bbox 634 1196 792 1290; x_wconf 79' lang='lat' dir='ltr'>civilibus</span> <span class='ocrx_word' id='word_1_34' title='bbox 819 1196 917 1271; x_wconf 88' lang='lat' dir='ltr'>bellis</span> <span class='ocrx_word' id='word_1_35' title='bbox 942 1197 1021 1293; x_wconf 87' lang='lat' dir='ltr'>plus</span> <span class='ocrx_word' id='word_1_36' title='bbox 1041 1170 1183 1297; x_wconf 46' lang='lat' dir='ltr'>mm,</span> 
     </span>
     <span class='ocr_line' id='line_1_7' title="bbox 189 1316 710 1416; baseline -0.006 -26"><span class='ocrx_word' id='word_1_37' title='bbox 189 1320 267 1408; x_wconf 91' lang='lat' dir='ltr'>bus,</span> <span class='ocrx_word' id='word_1_38' title='bbox 286 1321 394 1416; x_wconf 74' lang='lat' dir='ltr'>quam</span> <span class='ocrx_word' id='word_1_39' title='bbox 412 1317 574 1406; x_wconf 87' lang='lat' dir='ltr'>ducibus,</span> <span class='ocrx_word' id='word_1_40' title='bbox 599 1316 710 1389; x_wconf 88' lang='lat' dir='ltr'>licere.</span> 
     </span>
    </p>

    <p class='ocr_par' dir='ltr' id='par_1_3' title="bbox 182 1435 1161 3945">
     <span class='ocr_line' id='line_1_8' title="bbox 235 1435 1158 1531; baseline 0.001 -21"><span class='ocrx_word' id='word_1_41' title='bbox 235 1440 358 1511; x_wconf 91' lang='lat' dir='ltr'><strong>XXX.</strong></span> <span class='ocrx_word' id='word_1_42' title='bbox 384 1441 678 1510; x_wconf 79' lang='lat' dir='ltr'>Muurannaus</span> <span class='ocrx_word' id='word_1_43' title='bbox 713 1435 821 1508; x_wconf 85' lang='lat' dir='ltr'>castra</span> <span class='ocrx_word' id='word_1_44' title='bbox 853 1437 948 1531; x_wconf 89' lang='lat' dir='ltr'>apud</span> <span class='ocrx_word' id='word_1_45' title='bbox 978 1435 1158 1527; x_wconf 87' lang='lat' dir='ltr'>Ticinum,</span> 
     </span>
     <span class='ocr_line' id='line_1_9' title="bbox 187 1556 1157 1653; baseline 0.001 -24"><span class='ocrx_word' id='word_1_46' title='bbox 187 1559 233 1629; x_wconf 93' lang='lat' dir='ltr'>de</span> <span class='ocrx_word' id='word_1_47' title='bbox 258 1558 401 1629; x_wconf 75' lang='lat' dir='ltr'>adversa</span> <span class='ocrx_word' id='word_1_48' title='bbox 426 1556 573 1635; x_wconf 79' lang='lat' dir='ltr'>Caecinae</span> <span class='ocrx_word' id='word_1_49' title='bbox 588 1558 706 1653; x_wconf 69' lang='lat' dir='ltr'>pugna</span> <span class='ocrx_word' id='word_1_50' title='bbox 730 1556 899 1644; x_wconf 90' lang='lat' dir='ltr'>adlatum,</span> <span class='ocrx_word' id='word_1_51' title='bbox 923 1558 956 1627; x_wconf 78' lang='grc' dir='ltr'>δι</span> <span class='ocrx_word' id='word_1_52' title='bbox 976 1556 1085 1653; x_wconf 74' lang='lat' dir='ltr'>prope</span> <span class='ocrx_word' id='word_1_53' title='bbox 1106 1583 1157 1630; x_wconf 91' lang='lat' dir='ltr'>re·</span> 
     </span>
     <span class='ocr_line' id='line_1_10' title="bbox 187 1673 1160 1771; baseline -0.001 -22"><span class='ocrx_word' id='word_1_54' title='bbox 187 1697 316 1750; x_wconf 87' lang='lat' dir='ltr'>novata</span> <span class='ocrx_word' id='word_1_55' title='bbox 343 1675 474 1764; x_wconf 91' lang='lat' dir='ltr'>seditio,</span> <span class='ocrx_word' id='word_1_56' title='bbox 512 1682 539 1717; x_wconf 91' lang='lat'>“</span> <span class='ocrx_word' id='word_1_57' title='bbox 559 1695 739 1771; x_wconf 87' lang='lat' dir='ltr'>tamquam</span> <span class='ocrx_word' id='word_1_58' title='bbox 761 1673 879 1749; x_wconf 88' lang='lat' dir='ltr'>fraude</span> <span class='ocrx_word' id='word_1_59' title='bbox 908 1677 940 1745; x_wconf 76' lang='grc' dir='ltr'>δι</span> <span class='ocrx_word' id='word_1_60' title='bbox 970 1676 1160 1748; x_wconf 68' lang='lat' dir='ltr'>constatio-</span> 
     </span>
     <span class='ocr_line' id='line_1_11' title="bbox 188 1792 1159 1892; baseline 0.001 -26"><span class='ocrx_word' id='word_1_61' title='bbox 188 1801 217 1837; x_wconf 90' lang='lat'><strong>“</strong></span> <span class='ocrx_word' id='word_1_62' title='bbox 235 1795 336 1868; x_wconf 87' lang='lat' dir='ltr'>nibus</span> <span class='ocrx_word' id='word_1_63' title='bbox 353 1794 504 1873; x_wconf 88' lang='lat' dir='ltr'>Valentis</span> <span class='ocrx_word' id='word_1_64' title='bbox 523 1793 646 1890; x_wconf 87' lang='lat' dir='ltr'>proelio</span> <span class='ocrx_word' id='word_1_65' title='bbox 662 1792 880 1865; x_wconf 84' lang='lat' dir='ltr'>desuiffent.&#39;&#39;</span> <span class='ocrx_word' id='word_1_66' title='bbox 920 1795 1027 1866; x_wconf 90' lang='lat' dir='ltr'>Nolle</span> <span class='ocrx_word' id='word_1_67' title='bbox 1043 1796 1159 1892; x_wconf 87' lang='lat' dir='ltr'>requi·</span> 
     </span>
     <span class='ocr_line' id='line_1_12' title="bbox 187 1912 1161 2013; baseline 0.002 -26"><span class='ocrx_word' id='word_1_68' title='bbox 187 1939 259 2005; x_wconf 94' lang='lat' dir='ltr'>em,</span> <span class='ocrx_word' id='word_1_69' title='bbox 286 1941 359 1987; x_wconf 91' lang='lat' dir='ltr'>non</span> <span class='ocrx_word' id='word_1_70' title='bbox 375 1912 570 2011; x_wconf 68' lang='lat' dir='ltr'>exspestare</span> <span class='ocrx_word' id='word_1_71' title='bbox 585 1915 729 2002; x_wconf 90' lang='lat' dir='ltr'>ducem,</span> <span class='ocrx_word' id='word_1_72' title='bbox 757 1912 884 1985; x_wconf 89' lang='lat' dir='ltr'>anteire</span> <span class='ocrx_word' id='word_1_73' title='bbox 901 1914 1009 2009; x_wconf 77' lang='lat' dir='ltr'>signa,</span> <span class='ocrx_word' id='word_1_74' title='bbox 1039 1941 1161 2013; x_wconf 85' lang='lat' dir='ltr'>urgere</span> 
     </span>
     <span class='ocr_line' id='line_1_13' title="bbox 187 2029 1159 2131; baseline 0.002 -25"><span class='ocrx_word' id='word_1_75' title='bbox 187 2033 386 2131; x_wconf 85' lang='lat' dir='ltr'>figniseros:</span> <span class='ocrx_word' id='word_1_76' title='bbox 430 2033 551 2130; x_wconf 87' lang='lat' dir='ltr'>rapido</span> <span class='ocrx_word' id='word_1_77' title='bbox 591 2032 732 2130; x_wconf 81' lang='lat' dir='ltr'>agmine</span> <span class='ocrx_word' id='word_1_78' title='bbox 769 2031 918 2104; x_wconf 87' lang='lat' dir='ltr'>Caecinae</span> <span class='ocrx_word' id='word_1_79' title='bbox 952 2029 1159 2129; x_wconf 85' lang='lat' dir='ltr'>junguntur.</span> 
     </span>
     <span class='ocr_line' id='line_1_14' title="bbox 184 2150 1160 2249; baseline 0.002 -24"><span class='ocrx_word' id='word_1_80' title='bbox 184 2150 400 2249; x_wconf 82' lang='lat' dir='ltr'>lnrprospera</span> <span class='ocrx_word' id='word_1_81' title='bbox 412 2152 565 2225; x_wconf 88' lang='lat' dir='ltr'>Valentis</span> <span class='ocrx_word' id='word_1_82' title='bbox 582 2151 674 2224; x_wconf 87' lang='lat' dir='ltr'>sama</span> <span class='ocrx_word' id='word_1_83' title='bbox 694 2153 787 2249; x_wconf 88' lang='lat' dir='ltr'>apud</span> <span class='ocrx_word' id='word_1_84' title='bbox 804 2150 994 2225; x_wconf 90' lang='lat' dir='ltr'>exercitum</span> <span class='ocrx_word' id='word_1_85' title='bbox 1010 2155 1160 2228; x_wconf 86' lang='lat' dir='ltr'>Caecinae</span> 
     </span>
     <span class='ocr_line' id='line_1_15' title="bbox 185 2269 1158 2369; baseline 0 -22"><span class='ocrx_word' id='word_1_86' title='bbox 185 2292 284 2350; x_wconf 88' lang='lat' dir='ltr'>erat:</span> <span class='ocrx_word' id='word_1_87' title='bbox 313 2280 340 2314; x_wconf 92' lang='lat'><strong>“</strong></span> <span class='ocrx_word' id='word_1_88' title='bbox 358 2276 528 2369; x_wconf 79' lang='lat' dir='ltr'>expositos</span> <span class='ocrx_word' id='word_1_89' title='bbox 556 2269 588 2343; x_wconf 90' lang='lat' dir='ltr'>se</span> <span class='ocrx_word' id='word_1_90' title='bbox 604 2270 701 2343; x_wconf 76' lang='lat' dir='ltr'>tanto</span> <span class='ocrx_word' id='word_1_91' title='bbox 719 2271 895 2368; x_wconf 87' lang='lat' dir='ltr'>pauciores</span> <span class='ocrx_word' id='word_1_92' title='bbox 916 2270 1057 2369; x_wconf 82' lang='lat' dir='ltr'>integris</span> <span class='ocrx_word' id='word_1_93' title='bbox 1081 2274 1158 2347; x_wconf 92' lang='lat' dir='ltr'>hos·</span> 
     </span>
     <span class='ocr_line' id='line_1_16' title="bbox 186 2391 1157 2489; baseline 0.004 -26"><span class='ocrx_word' id='word_1_94' title='bbox 186 2391 320 2464; x_wconf 89' lang='lat' dir='ltr'>“tium</span> <span class='ocrx_word' id='word_1_95' title='bbox 347 2391 498 2464; x_wconf 91' lang='lat' dir='ltr'>viribus&#39;’</span> <span class='ocrx_word' id='word_1_96' title='bbox 527 2394 771 2489; x_wconf 87' lang='lat' dir='ltr'>querebantur,</span> <span class='ocrx_word' id='word_1_97' title='bbox 799 2394 898 2465; x_wconf 76' lang='lat' dir='ltr'>simul</span> <span class='ocrx_word' id='word_1_98' title='bbox 924 2391 1070 2467; x_wconf 89' lang='lat' dir='ltr'>insuam</span> <span class='ocrx_word' id='word_1_99' title='bbox 1096 2420 1157 2467; x_wconf 67' lang='lat' dir='ltr'>ex·,</span> 
     </span>
     <span class='ocr_line' id='line_1_17' title="bbox 185 2509 1157 2607; baseline 0.001 -23"><span class='ocrx_word' id='word_1_100' title='bbox 185 2509 410 2601; x_wconf 90' lang='lat' dir='ltr'>cusationem,</span> <span class='ocrx_word' id='word_1_101' title='bbox 430 2510 746 2584; x_wconf 81' lang='lat' dir='ltr'>&amp;adventantium</span> <span class='ocrx_word' id='word_1_102' title='bbox 775 2512 882 2584; x_wconf 91' lang='lat' dir='ltr'>robur</span> <span class='ocrx_word' id='word_1_103' title='bbox 904 2537 965 2607; x_wconf 86' lang='lat' dir='ltr'>per</span> <span class='ocrx_word' id='word_1_104' title='bbox 990 2511 1157 2585; x_wconf 87' lang='lat' dir='ltr'>adulatio-</span> 
     </span>
     <span class='ocr_line' id='line_1_18' title="bbox 184 2630 1157 2727; baseline -0.001 -22"><span class='ocrx_word' id='word_1_105' title='bbox 184 2657 266 2715; x_wconf 83' lang='lat' dir='ltr'>nem</span> <span class='ocrx_word' id='word_1_106' title='bbox 282 2633 488 2721; x_wconf 88' lang='lat' dir='ltr'>attollentes,</span> <span class='ocrx_word' id='word_1_107' title='bbox 515 2657 558 2703; x_wconf 90' lang='lat' dir='ltr'>ne</span> <span class='ocrx_word' id='word_1_108' title='bbox 580 2651 620 2703; x_wconf 90' lang='lat' dir='ltr'>ut</span> <span class='ocrx_word' id='word_1_109' title='bbox 637 2630 720 2703; x_wconf 67' lang='lat' dir='ltr'>vieti</span> <span class='ocrx_word' id='word_1_110' title='bbox 738 2636 771 2704; x_wconf 78' lang='grc' dir='ltr'>δι</span> <span class='ocrx_word' id='word_1_111' title='bbox 790 2630 908 2727; x_wconf 87' lang='lat' dir='ltr'>ignavi</span> <span class='ocrx_word' id='word_1_112' title='bbox 924 2630 1157 2727; x_wconf 67' lang='lat' dir='ltr'>despeslaren-</span> 
     </span>
     <span class='ocr_line' id='line_1_19' title="bbox 183 2748 1157 2847; baseline 0.001 -25"><span class='ocrx_word' id='word_1_113' title='bbox 183 2769 252 2824; x_wconf 90' lang='lat' dir='ltr'>tur.</span> <span class='ocrx_word' id='word_1_114' title='bbox 303 2753 350 2823; x_wconf 88' lang='lat' dir='ltr'>Et</span> <span class='ocrx_word' id='word_1_115' title='bbox 367 2776 579 2847; x_wconf 90' lang='lat' dir='ltr'>quamquam</span> <span class='ocrx_word' id='word_1_116' title='bbox 607 2752 683 2846; x_wconf 90' lang='lat' dir='ltr'>plus</span> <span class='ocrx_word' id='word_1_117' title='bbox 700 2748 841 2840; x_wconf 88' lang='lat' dir='ltr'>vitium,</span> <span class='ocrx_word' id='word_1_118' title='bbox 864 2749 972 2847; x_wconf 72' lang='lat' dir='ltr'>prope</span> <span class='ocrx_word' id='word_1_119' title='bbox 996 2751 1157 2847; x_wconf 89' lang='lat' dir='ltr'>duplica-</span> 
     </span>
     <span class='ocr_line' id='line_1_20' title="bbox 182 2870 1155 2967; baseline 0.001 -25"><span class='ocrx_word' id='word_1_120' title='bbox 182 2889 238 2942; x_wconf 88' lang='lat' dir='ltr'>tus</span> <span class='ocrx_word' id='word_1_121' title='bbox 251 2870 431 2967; x_wconf 85' lang='lat' dir='ltr'>legionum</span> <span class='ocrx_word' id='word_1_122' title='bbox 447 2870 727 2966; x_wconf 84' lang='lat' dir='ltr'>auxiliorumque</span> <span class='ocrx_word' id='word_1_123' title='bbox 743 2895 906 2942; x_wconf 91' lang='lat' dir='ltr'>numerus</span> <span class='ocrx_word' id='word_1_124' title='bbox 923 2889 991 2941; x_wconf 88' lang='lat' dir='ltr'>erat</span> <span class='ocrx_word' id='word_1_125' title='bbox 1003 2871 1155 2960; x_wconf 89' lang='lat' dir='ltr'>Valenti,</span> 
     </span>
     <span class='ocr_line' id='line_1_21' title="bbox 182 2987 1156 3076; baseline -0.002 -12"><span class='ocrx_word' id='word_1_126' title='bbox 182 2990 293 3064; x_wconf 88' lang='lat' dir='ltr'>studia</span> <span class='ocrx_word' id='word_1_127' title='bbox 321 3011 436 3063; x_wconf 88' lang='lat' dir='ltr'>tamen</span> <span class='ocrx_word' id='word_1_128' title='bbox 471 2989 621 3063; x_wconf 89' lang='lat' dir='ltr'>militum</span> <span class='ocrx_word' id='word_1_129' title='bbox 651 2988 687 3060; x_wconf 93' lang='lat' dir='ltr'>in</span> <span class='ocrx_word' id='word_1_130' title='bbox 717 2989 894 3062; x_wconf 85' lang='lat' dir='ltr'>Caecinam</span> <span class='ocrx_word' id='word_1_131' title='bbox 920 2987 1156 3076; x_wconf 80' lang='lat' dir='ltr'>inclinabant3</span> 
     </span>
     <span class='ocr_line' id='line_1_22' title="bbox 183 3108 1157 3207; baseline 0.001 -25"><span class='ocrx_word' id='word_1_132' title='bbox 183 3108 284 3207; x_wconf 92' lang='lat' dir='ltr'>super</span> <span class='ocrx_word' id='word_1_133' title='bbox 312 3109 561 3207; x_wconf 85' lang='lat' dir='ltr'>benignitatem</span> <span class='ocrx_word' id='word_1_134' title='bbox 589 3108 710 3197; x_wconf 90' lang='lat' dir='ltr'>animi,</span> <span class='ocrx_word' id='word_1_135' title='bbox 738 3113 806 3206; x_wconf 61' lang='lat' dir='ltr'>qus</span> <span class='ocrx_word' id='word_1_136' title='bbox 833 3109 1026 3205; x_wconf 90' lang='lat' dir='ltr'>promptior</span> <span class='ocrx_word' id='word_1_137' title='bbox 1050 3109 1157 3183; x_wconf 91' lang='lat' dir='ltr'>habe·</span> 
     </span>
     <span class='ocr_line' id='line_1_23' title="bbox 183 3218 1155 3326; baseline -0.002 -23"><span class='ocrx_word' id='word_1_138' title='bbox 183 3231 297 3319; x_wconf 92' lang='lat' dir='ltr'>batur,</span> <span class='ocrx_word' id='word_1_139' title='bbox 333 3229 437 3302; x_wconf 87' lang='lat' dir='ltr'>etiam</span> <span class='ocrx_word' id='word_1_140' title='bbox 461 3218 579 3326; x_wconf 83' lang='lat' dir='ltr'>vigore</span> <span class='ocrx_word' id='word_1_141' title='bbox 606 3228 725 3317; x_wconf 86' lang='lat' dir='ltr'>aetatis,</span> <span class='ocrx_word' id='word_1_142' title='bbox 762 3228 963 3324; x_wconf 89' lang='lat' dir='ltr'>proceritate</span> <span class='ocrx_word' id='word_1_143' title='bbox 990 3228 1155 3324; x_wconf 92' lang='lat' dir='ltr'>corporis,</span> 
     </span>
     <span class='ocr_line' id='line_1_24' title="bbox 184 3346 1155 3445; baseline -0.001 -23"><span class='ocrx_word' id='word_1_144' title='bbox 184 3353 219 3422; x_wconf 86' lang='lat'>&amp;</span> <span class='ocrx_word' id='word_1_145' title='bbox 237 3349 392 3445; x_wconf 90' lang='lat' dir='ltr'>quodam</span> <span class='ocrx_word' id='word_1_146' title='bbox 405 3346 498 3432; x_wconf 85' lang='lat' dir='ltr'>inani</span> <span class='ocrx_word' id='word_1_147' title='bbox 515 3346 642 3433; x_wconf 87' lang='lat' dir='ltr'>favore.</span> <span class='ocrx_word' id='word_1_148' title='bbox 693 3347 790 3420; x_wconf 90' lang='lat' dir='ltr'>Hinc</span> <span class='ocrx_word' id='word_1_149' title='bbox 808 3347 981 3420; x_wconf 81' lang='lat' dir='ltr'>aemulatio</span> <span class='ocrx_word' id='word_1_150' title='bbox 996 3346 1155 3421; x_wconf 88' lang='lat' dir='ltr'>ducibus.</span> 
     </span>
     <span class='ocr_line' id='line_1_25' title="bbox 183 3465 1156 3558; baseline -0.001 -17"><span class='ocrx_word' id='word_1_151' title='bbox 183 3469 337 3558; x_wconf 85' lang='lat' dir='ltr'>Caecina,</span> <span class='ocrx_word' id='word_1_152' title='bbox 366 3475 391 3511; x_wconf 91' lang='lat'>“</span> <span class='ocrx_word' id='word_1_153' title='bbox 411 3488 449 3539; x_wconf 91' lang='lat' dir='ltr'>ut</span> <span class='ocrx_word' id='word_1_154' title='bbox 473 3465 608 3541; x_wconf 90' lang='lat' dir='ltr'>foedum</span> <span class='ocrx_word' id='word_1_155' title='bbox 638 3465 904 3543; x_wconf 85' lang='lat' dir='ltr'>&amp;maculosum</span> <span class='ocrx_word' id='word_1_156' title='bbox 920 3468 956 3537; x_wconf 88' lang='lat'>:”</span> <span class='ocrx_word' id='word_1_157' title='bbox 975 3465 1046 3555; x_wconf 91' lang='lat' dir='ltr'>ille,</span> <span class='ocrx_word' id='word_1_158' title='bbox 1072 3474 1156 3541; x_wconf 92' lang='lat' dir='ltr'>“ut</span> 
     </span>
     <span class='ocr_line' id='line_1_26' title="bbox 185 3585 1156 3678; baseline -0.002 -17"><span class='ocrx_word' id='word_1_159' title='bbox 185 3594 213 3632; x_wconf 87' lang='lat'><strong>“</strong></span> <span class='ocrx_word' id='word_1_160' title='bbox 232 3615 362 3661; x_wconf 89' lang='lat' dir='ltr'>vanum</span> <span class='ocrx_word' id='word_1_161' title='bbox 379 3614 420 3661; x_wconf 91' lang='lat' dir='ltr'>ac</span> <span class='ocrx_word' id='word_1_162' title='bbox 438 3588 653 3678; x_wconf 90' lang='lat' dir='ltr'>tumidum,’&#39;</span> <span class='ocrx_word' id='word_1_163' title='bbox 678 3586 881 3659; x_wconf 90' lang='lat' dir='ltr'>inridebant.</span> <span class='ocrx_word' id='word_1_164' title='bbox 931 3585 997 3658; x_wconf 90' lang='lat' dir='ltr'>Sed</span> <span class='ocrx_word' id='word_1_165' title='bbox 1014 3586 1156 3659; x_wconf 89' lang='lat' dir='ltr'>condito</span> 
     </span>
     <span class='ocr_line' id='line_1_27' title="bbox 184 3703 1153 3801; baseline -0.004 -19"><span class='ocrx_word' id='word_1_166' title='bbox 184 3708 281 3799; x_wconf 88' lang='lat' dir='ltr'>odio,</span> <span class='ocrx_word' id='word_1_167' title='bbox 310 3709 470 3781; x_wconf 88' lang='lat' dir='ltr'>eamdem</span> <span class='ocrx_word' id='word_1_168' title='bbox 487 3707 667 3780; x_wconf 91' lang='lat' dir='ltr'>utilitatem</span> <span class='ocrx_word' id='word_1_169' title='bbox 685 3707 816 3796; x_wconf 88' lang='lat' dir='ltr'>fovere,</span> <span class='ocrx_word' id='word_1_170' title='bbox 843 3705 969 3779; x_wconf 87' lang='lat' dir='ltr'>crebris</span> <span class='ocrx_word' id='word_1_171' title='bbox 987 3703 1153 3801; x_wconf 91' lang='lat' dir='ltr'>epistolis,</span> 
     </span>
     <span class='ocr_line' id='line_1_28' title="bbox 182 3823 1149 3945; baseline 0 -45"><span class='ocrx_word' id='word_1_172' title='bbox 182 3828 251 3919; x_wconf 62' lang='lat' dir='ltr'>line</span> <span class='ocrx_word' id='word_1_173' title='bbox 277 3825 432 3945; x_wconf 73' lang='lat' dir='ltr'>respectu</span> <span class='ocrx_word' id='word_1_174' title='bbox 447 3827 570 3920; x_wconf 84' lang='lat' dir='ltr'>veniae,</span> <span class='ocrx_word' id='word_1_175' title='bbox 602 3828 730 3926; x_wconf 89' lang='lat' dir='ltr'>probra</span> <span class='ocrx_word' id='word_1_176' title='bbox 752 3825 886 3916; x_wconf 86' lang='lat' dir='ltr'>Othoni</span> <span class='ocrx_word' id='word_1_177' title='bbox 912 3823 1149 3924; x_wconf 67' lang='lat' dir='ltr'>objeslantes3</span> 
     </span>
    </p>
   </div>
   <div class='ocr_carea' id='block_1_3' title="bbox 0 0 1504 5144">
    <p class='ocr_par' dir='ltr' id='par_1_4' title="bbox 0 0 1504 5144">
     <span class='ocr_line' id='line_1_29' title="bbox 0 0 1504 5144; baseline 0 0"><span class='ocrx_word' id='word_1_178' title='bbox 0 0 1504 5144; x_wconf 95' lang='lat' dir='ltr'> </span> 
     </span>
    </p>
   </div>
  </div>
 </body>
</html>
