3000 5144
367 617 436 691 154
564 588 1145 663 C.Conunn11TAc1r1

361 762 487 858 pasrani
505 762 659 851 nomine,
674 767 708 836 δι
726 762 824 860 vagis
841 787 902 858 per
917 764 1051 834 Urbem
1070 760 1248 850 militibus,
1272 760 1334 858 qui

359 879 529 953 sermones
542 881 663 977 populi
676 887 893 955 codrcerent:
917 881 952 953 id
967 881 1175 978 praecipuum
1188 880 1333 954 alimen·

361 1019 439 1071 tum
456 999 558 1071 samae
575 1020 655 1072 erat.

411 1119 557 1191 XCVII.
584 1124 767 1192 Auxrnrn
790 1140 906 1193 tamen
932 1117 1173 1207 eGermanil,
1202 1117 1333 1191 Britan·

360 1235 501 1333 nisque,
521 1243 554 1310 ἃ
569 1236 746 1334 Hispaniis
764 1239 908 1326 excivit,
931 1236 1091 1334 segniter,
1111 1240 1144 1307 &
1160 1240 1331 1310 necessita-

362 1373 435 1427 tem
462 1355 684 1430 dissimulans.
740 1357 888 1430 Perinde
919 1355 1037 1453 legati,
1071 1355 1333 1453 provinciaque

362 1476 621 1547 cundabantur.
663 1475 891 1549 Hordeonius
904 1477 1062 1562 Flaccus,
1088 1473 1246 1571 suspeslis
1256 1472 1333 1569 jam

360 1592 509 1683 Batavis,
522 1592 644 1666 anxius
658 1595 798 1690 proprio
811 1594 1053 1684 bello,Vertius
1059 1595 1218 1683 Bolanus,
1230 1619 1334 1667 num·

360 1736 466 1807 quam
483 1711 559 1784 satis
581 1711 695 1807 quiet&
710 1713 908 1800 Britanni2l3
939 1718 972 1785 δε
994 1735 1137 1809 uterque
1152 1712 1332 1809 ambigui:

359 1853 474 1926 neque
501 1855 546 1903 ex
572 1829 748 1927 Hispaniis
773 1835 1031 1929 properabatur,
1054 1833 1152 1904 nullo
1180 1850 1255 1903 tum
1285 1829 1334 1903 ibi

359 1947 549 2023 consulari:
569 1948 671 2023 trium
700 1950 878 2048 legionum
907 1951 1023 2049 legati,
1049 1976 1145 2047 pares
1162 1948 1252 2047 jure,
1283 1954 1332 2039 ὅτ,

360 2067 526 2165 prosperis
550 2052 679 2163 Vitellii
710 2072 824 2160 rebus,
854 2070 1013 2145 certaturi
1036 2072 1080 2143 ad
1111 2068 1332 2167 obsequium,

359 2186 536 2260 adversam
553 2187 623 2286 ejus
640 2185 813 2261 fortunam
827 2213 871 2261 ex
889 2215 990 2286 aequo
1006 2191 1249 2262 detreetabanr.
1290 2189 1334 2261 In

358 2305 476 2380 Afriess
493 2306 585 2404 legio
601 2306 837 2404 cohortesque,
856 2309 997 2380 delcetae
1013 2333 1034 2380 a
1049 2307 1175 2381 Clodio
1190 2309 1332 2398 Macro,

360 2451 447 2500 mox
470 2451 491 2498 a
517 2426 629 2499 Galba
652 2425 811 2515 dimiffae,
839 2425 948 2499 rursus
968 2424 1061 2523 jussu
1085 2425 1216 2499 Vitellii
1239 2425 1332 2498 mili·

360 2544 444 2618 tiam
462 2546 606 2642 cepere:
634 2546 732 2617 simul
749 2564 859 2618 cetera
869 2543 1033 2642 juventus
1055 2548 1158 2619 dabat
1183 2544 1334 2643 impigre

360 2663 529 2737 nomina:
567 2662 698 2761 quippe
725 2663 903 2762 integrum
931 2665 1001 2738 illic
1033 2692 1073 2739 ac
1105 2663 1333 2736 favorabilem

362 2780 639 2880 proconsulatum
652 2782 822 2873 Vitellius,
835 2781 1006 2856 famosum
1019 2783 1236 2882 invisumque
1249 2783 1332 2856 Ves-

363 2905 518 2999 pasianus
535 2922 676 2999 egerat:
706 2903 846 2999 perinde
871 2901 950 2975 socii
966 2903 1011 2976 de
1038 2903 1183 3000 imperio
1211 2902 1332 2976 utrius·

360 3049 428 3120 que
445 3019 681 3118 conjeetabant
698 3049 706 3093 :
732 3020 788 3095 sed
806 3022 1081 3118 experimentum
1097 3023 1215 3094 contrb
1232 3021 1307 3095 suit.

408 3143 577 3215 XCVlll.
604 3146 661 3214 Ac
693 3140 804 3236 primo
832 3142 987 3216 Valerius
1013 3143 1146 3231 Festus,
1181 3145 1331 3238 legatus,

361 3261 472 3336 studia
486 3259 748 3356 provincialium
760 3285 840 3331 cum
855 3259 1026 3355 fidejuvit
1041 3290 1049 3333 ι
1070 3287 1156 3334 mox
1173 3264 1332 3351 nutabat,

360 3383 477 3479 palam
494 3378 643 3475 epistolis
660 3376 845 3476 edistisque
863 3378 1056 3469 Vitellium,
1075 3381 1216 3454 occultis
1243 3406 1334 3454 nun·

357 3500 411 3573 tiis
428 3498 669 3595 Vespasianum
685 3494 819 3585 fovens,
846 3502 879 3570 &
903 3501 978 3572 haec
996 3501 1097 3572 illave
1122 3500 1333 3591 defensurus,

346 3638 461 3716 prout
486 3617 713 3689 invaluissent.
762 3618 971 3712 Deprehensi
1001 3644 1083 3692 cum
1108 3620 1209 3692 literis
1237 3620 1334 3692 edic·

356 3738 466 3833 tisque
483 3738 513 3805 V
517 3733 689 3831 espasrani,
719 3761 779 3830 per
796 3735 944 3808 Raetiam
964 3743 996 3811 δι
1015 3738 1158 3829 Gallias,
1181 3740 1334 3813 militum

359 3853 656 3928 &centurionum
684 3853 840 3950 quidam,
870 3858 914 3927 ad
944 3856 1122 3930 Vitellium
1148 3859 1247 3945 missi,
1272 3882 1335 3930 ne·

360 3993 482 4055 cantur
499 4001 508 4046 ε
544 3973 655 4072 plures
673 3969 835 4066 fefellere,
855 3976 924 4048 fide
948 3976 1154 4067 amicorum,
1179 3995 1238 4050 aut
1254 3975 1333 4050 suo-
