3000 5144
262 542 306 608 14
432 514 476 590 C.
516 515 782 589 Conuarrr
825 514 1026 589 Tncrrt

259 688 479 761 clarissimum
496 709 612 761 vatem
638 688 794 777 deducit,
824 707 882 761 aut
910 686 1042 774 salutat,
1071 703 1132 758 aut
1151 712 1235 783 pro·

258 805 436 902 sequitur?
465 809 620 911 Nempe,
649 807 820 880 sramicus
842 805 927 903 ejus,
956 810 979 878 fi
1006 803 1236 901 propinquus,

258 925 447 1022 sidenique
464 925 532 1020 ipse
560 926 594 997 in
612 926 755 1022 aliquod
783 927 963 1023 negotium
989 923 1163 1013 inciderit,
1192 927 1237 999 ad

258 1045 351 1115 hunc
368 1045 566 1116 Secundum
583 1065 743 1132 recurret,
761 1064 819 1116 aut
831 1045 935 1132 adte,
949 1046 1125 1132 Materne,
1148 1069 1236 1133 non,

259 1161 343 1257 quia
360 1169 462 1258 poeta
480 1187 528 1251 es,
558 1188 671 1259 neque
694 1183 731 1235 ut
760 1187 823 1258 pro
839 1186 881 1235 eo
903 1159 1015 1234 versus
1033 1160 1163 1234 facias:
1200 1162 1237 1239 bi

259 1281 354 1352 enim
382 1282 478 1354 Basso
494 1281 590 1355 domi
623 1279 820 1367 nascuntur,
854 1278 992 1376 pulchri
1019 1278 1166 1375 quidem
1200 1287 1236 1355 lle

231 1472 236 1483 ,
256 1397 428 1496 jucundi:
455 1425 605 1496 quorum
630 1420 747 1472 tamen
771 1397 829 1471 hic
851 1397 963 1470 exitus
980 1397 1043 1486 est,
1074 1418 1128 1489 ut,
1153 1400 1239 1474 crim

261 1537 453 1606 totoanno,
481 1544 539 1614 per
557 1543 678 1591 omnes
693 1516 780 1606 dies,
807 1519 934 1613 magnrl
951 1514 1106 1589 nodium
1125 1539 1236 1613 parre,

262 1662 373 1710 unum
391 1636 516 1710 librum
538 1635 724 1710 extudit&
745 1633 971 1722 elucubravit,
999 1660 1121 1731 rogare
1145 1638 1240 1711 ultro

264 1755 448 1830 &ambire
473 1777 631 1853 cogatur,
657 1775 695 1827 ut
720 1759 794 1842 sint,
818 1753 878 1850 qui
895 1754 1081 1850 dignentur
1097 1755 1237 1830 audire:

264 1876 298 1945 δι
317 1899 361 1946 ne
388 1873 424 1946 id
451 1873 593 1969 quidem
611 1873 738 1971 gratis:
767 1899 847 1948 nam
867 1876 901 1945 δι
928 1873 1074 1945 domum
1099 1892 1238 1948 mutua·

263 2013 331 2081 tur,
361 1996 393 2064 u
421 1992 631 2067 auditorium
648 1992 803 2080 exstruit,
839 1988 1043 2064 &subsellia
1059 1992 1241 2082 conducit,
1346 2030 1356 2040 ·

265 2111 450 2184 &libellos
467 2110 654 2208 dispergit:
675 2113 712 2184 δι
724 2133 763 2184 ut
779 2110 985 2185 beatissimus
1002 2109 1242 2189 recitationem

265 2228 336 2325 ejus
367 2247 511 2301 eventus
539 2227 778 2326 prosequatur,
816 2228 932 2302 omnis
958 2228 1018 2301 illa
1041 2228 1113 2301 laus
1146 2228 1238 2304 intra

264 2371 375 2419 unum
398 2366 458 2419 aut
480 2347 627 2419 alterum
643 2347 753 2437 diem,
783 2347 936 2422 velutin
964 2349 1069 2420 herba
1091 2349 1147 2419 vel
1171 2351 1238 2421 flo-

267 2490 303 2538 re
329 2484 513 2561 praecepta,
539 2465 585 2538 ad
610 2467 743 2539 nullam
769 2487 897 2540 certam
928 2467 966 2539 &
993 2463 1137 2538 solidam
1164 2491 1241 2562 per-

266 2584 360 2656 venit
385 2583 547 2681 frugem:
575 2609 639 2659 nec
657 2607 715 2658 aut
732 2585 919 2660 amicitiam
940 2586 1021 2658 inde
1041 2583 1157 2674 refert,
1181 2603 1244 2658 aut

267 2703 477 2793 clientelam,
508 2726 568 2777 aut
598 2703 796 2778 mansurum
829 2705 866 2777 in
898 2704 1016 2777 animo
1041 2701 1245 2800 cujusquam

269 2823 491 2913 beneficium,
521 2821 577 2896 sed
602 2825 789 2917 clamorem
811 2848 956 2920 vagum,
983 2824 1020 2895 δι
1043 2846 1147 2895 voces
1170 2822 1244 2896 ina·

269 2968 342 3031 nes,
371 2942 407 3012 δι
426 2941 592 3038 gaudium
611 2944 761 3013 volucre.
796 2942 1033 3014 Laudavimus
1051 2967 1176 3037 nuper,
1204 2961 1244 3015 ut

269 3063 392 3135 miram
418 3061 453 3130 δι
471 3060 634 3132 eximiam
652 3059 843 3154 Vespasiani
864 3061 1116 3148 liberalitatem,
1147 3059 1245 3156 quod

271 3182 460 3277 quingenta
487 3178 633 3250 sestertia
657 3180 752 3250 Basso
780 3180 943 3250 donasset.
993 3181 1181 3251 Pulchrum
1207 3179 1245 3252 id

271 3301 427 3397 quidem,
453 3297 708 3394 indulgentiam
736 3296 902 3393 Principis
928 3297 1067 3394 ingenio
1091 3298 1240 3376 mereri:

272 3418 401 3516 quanto
418 3439 534 3488 tamen
563 3416 753 3511 pulchrius,
783 3421 806 3487 st
835 3416 882 3488 ita
904 3442 955 3488 res
973 3415 1144 3490 familiaris
1169 3418 1244 3491 exi·

271 3558 341 3634 gat,
367 3536 398 3607 se
427 3536 537 3630 ipsum
563 3537 688 3623 colere,
717 3534 814 3606 suum
844 3535 1022 3631 ingenium
1049 3535 1245 3631 propitiare,

271 3658 365 3731 suam
385 3654 530 3750 experiri
549 3654 814 3727 liberalitatem?
849 3652 973 3749 Adjice
997 3653 1094 3749 quod
1122 3655 1245 3749 po'e'tis,

272 3776 419 3847 simodo
438 3774 586 3869 dignum
615 3774 745 3869 aliquid
771 3774 943 3845 elaborare
971 3774 1008 3844 δε
1025 3774 1158 3844 efficere
1186 3798 1247 3844 re·

273 3894 349 3981 lint,
369 3892 591 3991 relinquenda
610 3891 822 3967 conversatio
839 3893 1043 3983 amicorum,
1066 3894 1101 3965 &
1115 3890 1246 3990 jucun-
