3000 5144
266 555 336 623 ¹04
495 526 537 607 C,
569 525 839 598 Connaarr
868 519 1063 594 Tncrrr

261 731 316 795 ac,
346 703 454 781 sinna
467 701 590 792 forent,
609 700 821 799 praevalidas,
839 695 1074 794 dispergendi,
1101 713 1236 790 partem

262 827 470 898 Batavorum
490 829 516 863 “
536 821 583 894 ire
601 821 636 898 in
653 820 861 898 subfidium’'
877 816 989 914 jubet.
1037 814 1146 911 Qtod
1173 811 1235 885 ubi

258 945 432 1031 auditum,
457 944 723 1039 vulgatumque,
748 963 888 1013 maerere
904 934 997 1024 socii,
1026 933 1170 1006 fremere
1187 932 1237 1003 le-

260 1063 396 1161 giones,
417 1071 443 1104 “
461 1060 576 1134 orbari
592 1058 625 1133 se
641 1058 898 1132 fortissimorum
914 1054 1068 1126 virorum
1080 1048 1233 1123 auxilio:

266 1187 295 1224 “
312 1201 441 1254 veteres
469 1180 545 1252 illos
563 1184 664 1251 &tot
682 1180 852 1253 bellorum
870 1174 1029 1261 vidores,
1054 1170 1239 1267 postquam

266 1304 295 1344 “
314 1301 349 1371 i'n
366 1298 548 1394 eonspedtu
565 1300 602 1369 srt
620 1297 741 1385 hostis,
767 1296 862 1368 velut
882 1317 926 1364 ex
943 1290 1018 1364 acie
1034 1288 1184 1362 abduci:
1213 1288 1238 1359 fi

263 1426 290 1471 ⁴‘
312 1418 489 1514 provincia
506 1419 604 1489 Urbe
622 1421 655 1488 δι
672 1415 775 1488 salute
793 1411 926 1509 imperii
944 1410 1055 1507 potior
1079 1412 1129 1497 srt,
1158 1431 1235 1478 orn-

264 1544 292 1587 “
311 1563 369 1609 nes
387 1536 468 1608 illuc
494 1535 736 1632 sequerentur:
768 1538 815 1610 srn
833 1531 987 1605 vinoriae
1009 1526 1144 1615 sanitas,
1169 1523 1237 1597 sus-

265 1663 292 1699 “
311 1656 535 1742 tentaculum,
567 1655 728 1728 columen
753 1652 787 1726 in
812 1634 907 1723 ltalia
933 1664 1135 1732 verteretur,
1164 1668 1238 1716 non

267 1780 294 1824 ‘·‘
312 1773 582 1869 abrumpendos,
607 1791 644 1846 ut
661 1769 811 1867 corpori,
834 1767 1053 1844 validissimos
1068 1764 1196 1844 attus.’'

314 1894 452 1965 XXIX.
479 1893 580 1963 Hine
596 1889 751 1963 ferociter
761 1887 940 1986 jadando,
956 1886 1153 1983 postquam,
1169 1882 1237 1954 im-

266 2010 367 2084 miffis
385 2009 573 2098 lidoribus,
603 2010 728 2081 Valens
747 2013 902 2080 codrcere
918 2003 1120 2078 seditionem
1137 2027 1237 2098 coep-

265 2133 372 2216 tabat,
409 2130 519 2225 ipsum
549 2127 732 2215 invadunt,
763 2126 842 2198 saxa
864 2123 1013 2222 jaciunt,
1047 2122 1240 2220 fugientem

162 2280 167 2293 ·
264 2245 461 2342 sequuntur.
512 2244 674 2339 “Spolia
695 2245 900 2332 Galliarum,
930 2248 963 2316 δι
991 2241 1240 2339 Viennensium

267 2373 295 2407 “
313 2390 450 2450 aurum,
480 2368 513 2435 δι’
543 2363 650 2458 pretia
681 2364 838 2437 laborum
875 2364 1015 2436 suorum
1043 2363 1241 2434 occultare''

267 2481 496 2568 clamitantes,
531 2480 669 2577 direptis
698 2481 847 2571 sarcinis,
878 2482 1097 2559 tabernacula
1124 2480 1239 2570 ducis,

158 2620 166 2632 '
266 2602 443 2698 ipsamque
476 2602 624 2673 humum
658 2600 735 2695 pilis
775 2607 807 2679 ἃ
841 2601 965 2674 lanceis
996 2600 1238 2675 rimabantur:

267 2747 348 2792 nam
367 2721 506 2807 Valens,
526 2716 637 2790 servili
655 2719 762 2808 veste,
784 2722 878 2816 apud
895 2720 1117 2794 decurionem
1141 2719 1241 2817 equi·

264 2859 340 2913 tum
366 2841 553 2936 tegebatur.
601 2838 698 2910 Tum
715 2840 897 2934 Alphenus
915 2844 1038 2929 Varus,
1058 2837 1242 2936 praeseslus

266 2960 467 3046 castrorum,
496 2959 704 3053 deflagrante
733 2959 908 3054 paullatim
933 2958 1109 3050 seditione,
1142 2959 1242 3032 addit

265 3076 459 3163 confilium,
477 3074 587 3147 vetitis
599 3075 693 3148 obire
705 3075 838 3173 vigilias
850 3078 1120 3169 centurionibus,
1137 3078 1242 3151 omis-

267 3194 303 3266 so
322 3198 415 3275 tubae
446 3193 543 3282 sono,
574 3219 645 3290 quo
673 3194 770 3267 miles
798 3195 842 3268 ad
869 3196 950 3268 belli
977 3197 1095 3271 munia
1122 3198 1242 3273 cietur.

266 3313 378 3408 Igitur
392 3335 527 3410 torpere
544 3312 672 3401 cundi,
691 3312 970 3409 circumspectare
987 3316 1073 3389 inter
1089 3315 1122 3389 se
1149 3337 1240 3392 atto-

266 3429 329 3501 niti
347 3459 354 3501 :
384 3436 416 3504 δι
435 3433 469 3503 id
484 3429 609 3526 ipsum,
636 3431 732 3527 qubd
749 3457 852 3504 nemo
870 3453 1020 3529 regeret,
1045 3456 1212 3533 paventes
1228 3467 1239 3524 ;

265 3546 412 3635 silentio,
437 3549 612 3643 patientia,
639 3549 810 3644 postremo
840 3553 997 3646 precibus
1021 3581 1060 3628 ac
1088 3556 1241 3630 lacrimis

265 3660 404 3734 veniam
422 3669 629 3758 quaerebant.
679 3669 731 3737 Ut
748 3668 828 3739 verb
843 3668 1010 3746 deformis
1026 3677 1060 3748 ὅτ
1078 3678 1180 3765 flens,
1207 3679 1244 3749 ὅτ

269 3794 390 3867 praeter
405 3778 500 3872 spem
514 3781 696 3854 incolumis
713 3786 838 3857 Valens
857 3793 1027 3881 proceffit,
1054 3793 1241 3889 gaudium,

268 3888 448 3983 miseratio,
481 3894 602 3975 favor:
629 3903 713 3973 versi
729 3901 766 3978 in
789 3903 942 3982 laetitiam
969 3910 1026 4004 (ut
1047 3910 1095 3986 est
1112 3913 1244 4010 vulgus
