3000 5144
430 552 832 625 Historiarum
866 554 977 625 Lrn.
1003 548 1065 624 IV.
1167 573 1233 650 257

267 727 295 763 “
312 720 404 808 toris,
432 745 545 818 neque
571 723 719 797 hostium
740 724 773 797 se
790 725 937 797 consiliis
961 724 1022 797 uti.
1073 725 1151 796 Esse
1176 722 1236 796 fibi

265 839 493 911 “Vitellium
525 841 735 937 Principem,
767 869 828 938 pro
856 870 926 938 quo
953 845 1059 914 fidem
1084 847 1117 913 ἃ
1144 867 1237 914 arma

265 963 294 999 “
312 956 417 1053 usque
440 960 484 1029 ad
508 957 706 1054 supremum
728 960 881 1055 spiritum
906 981 1118 1032 retenturos:
1155 985 1235 1056 pro·

266 1075 391 1148 “inde
416 1078 559 1174 perfuga
581 1082 725 1150 Batavus
742 1079 908 1151 arbitrum
927 1104 1040 1151 rerum
1058 1084 1235 1152 Romana·

265 1201 292 1236 “
310 1220 386 1267 rum
415 1221 460 1266 ne
488 1216 618 1292 ageret,
644 1196 701 1268 sed
724 1197 860 1268 meritas
884 1197 1015 1269 sceleris
1038 1224 1157 1293 poenas
1174 1223 1235 1270 ex-

266 1321 291 1354 “
310 1312 509 1410 speclaret.''
558 1319 647 1410 Qiae
666 1314 727 1386 ubi
745 1317 849 1387 relata
865 1315 983 1403 Civili,
1003 1315 1157 1388 incensus
1172 1316 1235 1404 ira,

263 1433 457 1506 universam
470 1436 676 1503 Batavorum
694 1455 834 1529 gentem
852 1434 886 1505 in
903 1460 997 1505 arma
1013 1436 1111 1530 rapit.
1148 1438 1235 1529 jun·
1300 1500 1305 1508 .

266 1572 392 1648 guntur
404 1552 552 1623 Brueleri
569 1552 815 1647 Tencterique,
829 1557 861 1624 &
875 1553 988 1624 excita
1006 1553 1133 1626 nuntiis
1149 1556 1235 1627 Ger·

264 1670 378 1742 mania
395 1673 439 1742 ad
462 1673 613 1767 praedam
631 1669 840 1766 famamque.

312 1790 433 1861 XXII.
461 1794 665 1861 onansus
685 1790 744 1859 has
761 1789 842 1861 belli
860 1791 1094 1864 concurrentis
1112 1792 1234 1882 minas,

265 1908 367 2004 legati
396 1907 586 2003 legionum,
614 1907 815 1979 Mummius
832 1911 1026 2003 Lupercus,
1053 1911 1236 1982 &Numi-

265 2029 328 2098 sius
347 2023 474 2112 Rufus,
499 2026 630 2097 vallum
649 2025 832 2121 murosque
849 2028 1049 2098 firmabant:
1081 2026 1236 2101 subversa

264 2146 378 2241 longae
401 2142 493 2239 pacis
511 2168 628 2238 opera,
648 2144 740 2214 haud
758 2145 877 2238 procul
897 2143 1012 2215 castris
1029 2144 1062 2216 in
1089 2147 1236 2220 modum

264 2262 444 2358 municipii
463 2261 646 2350 exstructa,
670 2287 713 2333 ne
731 2261 883 2333 hostibus
901 2260 972 2333 usui
998 2262 1119 2335 forent.
1168 2265 1234 2337 Sed

263 2407 386 2478 parum
410 2378 600 2476 provisum,
626 2379 661 2450 ni
687 2380 795 2475 copiae
821 2379 857 2451 in
882 2380 986 2451 castra
1003 2384 1233 2463 conveheren-

263 2521 339 2573 tur:
367 2498 438 2595 rapi
459 2497 654 2594 permisere.
705 2501 757 2570 lta
774 2498 888 2595 paucis
913 2498 1032 2571 diebus
1051 2527 1109 2595 per
1126 2501 1233 2573 licen-

262 2617 347 2689 tiam
364 2616 543 2712 absumpta
568 2616 657 2707 sunt,
683 2643 760 2713 quae
782 2617 941 2688 adversus
970 2621 1174 2692 necessitates
1199 2621 1236 2692 in

263 2739 408 2833 longum
437 2735 650 2809 suffeciffent.
698 2735 820 2807 Civilis
836 2735 990 2806 medium
1008 2761 1134 2832 agmen
1151 2763 1234 2809 cum

263 2858 385 2927 robore
406 2856 613 2927 Batavorum
639 2854 812 2942 obtinens,
840 2874 1022 2947 utramque
1050 2854 1166 2926 Rheni
1188 2855 1234 2926 ri-

264 3000 359 3071 pam,
393 2972 464 3069 quo
498 2973 723 3045 truculentior
753 2973 826 3045 visu
852 2971 949 3058 foret,
979 2974 1234 3044 Germanorum

264 3092 408 3164 catervis
437 3094 601 3188 complet,
629 3091 816 3164 adsultante
849 3115 908 3186 per
937 3115 1077 3184 campos
1106 3090 1233 3186 equite.

263 3210 370 3282 Simul
389 3236 493 3281 naves
504 3211 538 3282 in
555 3211 731 3283 adversum
745 3234 883 3280 amnem
900 3211 1101 3304 agebantur.
1136 3209 1235 3283 Hinc

263 3349 500 3401 veteranarum
529 3329 722 3402 cohortium
758 3332 863 3423 figna,
906 3326 986 3398 inde
1017 3327 1235 3423 depromprae

265 3446 352 3519 silvis
378 3447 529 3544 lucisque
554 3448 701 3519 ferarum
726 3446 908 3541 imagines,
933 3467 971 3517 ut
993 3445 1119 3540 cuique
1138 3448 1233 3543 genti

263 3565 348 3637 inire
367 3565 529 3660 proelium
548 3592 623 3652 mos
640 3565 702 3652 est,
722 3564 830 3634 mixth
854 3562 1062 3636 bellicivilis
1085 3565 1233 3637 externi-

264 3709 333 3780 que
347 3681 432 3756 sacie
444 3682 741 3778 obstupefecerant
754 3681 899 3753 obsellos
913 3710 921 3752 ε
943 3686 974 3752 &
989 3680 1084 3775 spem
1094 3708 1233 3780 oppug-

228 3808 231 3812 ’
263 3803 423 3874 nantium
452 3804 602 3897 augebat
625 3802 819 3896 amplitudo
847 3798 942 3885 valli,
974 3800 1070 3894 quod
1099 3801 1234 3875 duabus

264 3921 457 4018 legionibus
477 3923 590 4009 situm,
619 3918 679 3990 vix
706 3918 860 4015 quinque
890 3917 1000 3989 millia
1023 3942 1233 3995 armatorum

757 4037 780 4107 S
