3000 5144
345 558 410 619 lrz'
542 535 1128 623 CeonnrmTrcm

339 719 495 811 lioribus,
521 719 692 792 deterrimi
708 724 886 796 valebant:
917 722 1016 796 miles
1038 726 1160 813 alacer,
1184 721 1244 820 qui
1260 742 1312 794 ta·

337 863 419 912 men
428 838 517 936 jussa
532 841 663 913 ducum
680 839 905 938 interpretari,
925 844 1032 939 quarn
1050 841 1205 938 exsequi,
1223 841 1312 913 mal-·

342 957 400 1030 let.
450 959 653 1032 Promovcri
687 960 733 1032 ad
765 981 925 1058 quartum
958 988 979 1035 a
1011 962 1175 1035 Bebriaco
1207 960 1317 1033 castra

338 1077 479 1173 placuit,
504 1078 592 1151 adeb
614 1078 786 1176 imperiti,
812 1100 850 1153 ut
866 1106 1081 1178 quamquam
1098 1105 1205 1153 verno
1222 1100 1312 1152 tem·

338 1221 424 1293 pore
447 1198 542 1288 anni,
569 1203 672 1272 &tot
690 1198 823 1272 circbm
847 1201 1019 1289 amnibus,
1045 1201 1187 1295 penuril
1211 1223 1312 1295 aquae

338 1313 574 1413 fatigarentur.
625 1317 679 1390 lbi
706 1318 751 1389 de
781 1319 908 1415 proelio
934 1319 1145 1408 dubitatum,
1170 1319 1314 1391 Othone

337 1459 398 1531 per
421 1435 531 1508 literas
548 1435 739 1534 flagitante,
758 1457 796 1508 ut
813 1457 1021 1511 maturarent
1029 1467 1040 1523 ;
1064 1436 1245 1524 militibus,
1271 1455 1311 1507 ut

336 1556 529 1651 Imperator
558 1581 684 1653 pugnae
717 1556 858 1646 adesset,
889 1544 1124 1652 poscentibus:
1156 1555 1312 1652 plerique

337 1673 455 1770 copias
491 1696 582 1747 trans
609 1676 746 1749 Padum
774 1694 916 1773 agentes
944 1675 1046 1748 acciri
1078 1675 1310 1771 postulabant.

335 1794 414 1866 Nec
432 1793 576 1890 perinde
596 1793 776 1891 dijudicari
794 1794 919 1892 potest,
940 1794 1026 1891 quid
1045 1793 1219 1890 optimum
1236 1792 1308 1866 sac-

336 1928 375 1984 tu
391 1910 507 2003 suerit,
527 1914 634 2011 quim
654 1916 836 2009 pessrmum
853 1911 964 2003 fuisse,
985 1912 1081 2010 quod
1094 1910 1233 1984 laetum
1250 1911 1309 1984 est.

383 2035 467 2106 XL.
492 2035 585 2105 Nou
614 2053 652 2105 ut
678 2033 723 2105 ad
747 2058 918 2130 pugnam,
946 2032 1003 2104 sed
1032 2033 1077 2104 ad
1106 2031 1308 2104 bellandum

335 2151 494 2247 professi,
519 2154 732 2224 confluentes
763 2151 910 2223 Padi&
941 2151 1081 2225 Adduae
1106 2150 1308 2240 fluminum,

334 2266 509 2343 sexdecim
533 2269 615 2341 inde
637 2269 787 2342 millium
804 2269 909 2367 spatio
933 2270 1109 2359 distantes,
1133 2273 1308 2367 petebant.

333 2387 433 2461 Celso
458 2392 492 2460 δι
508 2388 667 2461 Paullino
690 2389 936 2479 abnuentibus,
967 2388 1162 2461 “militem
1187 2388 1309 2461 itinere

335 2514 362 2550 “
381 2506 515 2597 sessum,
555 2507 691 2581 sarcinis
729 2533 886 2606 gravem,
920 2507 1068 2605 objicere
1100 2507 1201 2596 hosti,
1235 2532 1308 2579 non

334 2611 364 2669 ‘³
381 2626 582 2717 admissuro,
602 2627 790 2725 quominus
807 2627 1003 2724 expeditus,
1031 2630 1064 2698 &
1080 2625 1142 2698 vix
1160 2644 1308 2723 quatuor

335 2744 490 2818 “millia
514 2749 671 2843 passuum
696 2749 902 2843 progressus,
927 2764 985 2817 aut
1009 2745 1253 2842 incompositos
1271 2746 1309 2819 in

335 2870 363 2908 “
383 2866 536 2962 agmine,
555 2887 612 2939 aut
635 2864 813 2962 dispersos,
841 2866 1022 2936 &vallum
1047 2864 1228 2937 molientes
1243 2868 1306 2938 ad-

334 2992 362 3043 ‘-‘
382 2987 614 3082 grederetur.’'
661 2985 821 3056 Titianus
851 2990 884 3057 &
918 2984 1097 3074 Proculus,
1131 2984 1193 3056 ubi
1221 3011 1304 3059 con-

332 3104 409 3178 filiis
427 3104 658 3194 vincerentur,
678 3103 788 3199 adjus
807 3102 941 3200 imperii
959 3104 1157 3174 transibant.
1207 3105 1306 3176 Ade-

332 3244 382 3297 rat
404 3221 481 3295 sane
504 3223 591 3295 citus
613 3248 704 3319 equo
720 3221 892 3310 Numida,
911 3247 993 3293 cum
1009 3220 1181 3293 atrocibus
1205 3247 1305 3294 man·

331 3341 435 3432 datis,
463 3342 590 3440 quibus
611 3342 721 3430 Oth0,
748 3340 916 3436 increpitd
940 3347 968 3382 ‘⁶
985 3341 1118 3413 ducum
1145 3338 1303 3438 segnitid,

334 3469 455 3533 “rem
480 3461 516 3533 in
539 3459 721 3533 discrimen
744 3459 861 3532 mitti’'
876 3457 1046 3555 jubebat3
1072 3482 1164 3555 aeger
1191 3461 1302 3549 mori,

333 3583 366 3653 &
396 3579 464 3675 spei
491 3577 685 3675 impatiens.

379 3699 479 3769 XLl.
507 3701 654 3770 EADEM
681 3697 753 3786 die,
775 3698 818 3769 ad
847 3693 1036 3785 Caecinam,
1064 3695 1160 3793 operi
1186 3695 1302 3794 pontis

332 3817 516 3904 intentum,
553 3817 625 3887 duo
661 3815 899 3911 praetoriarum
932 3815 1130 3889 cohortium
1159 3816 1302 3904 tribuni,

333 3933 561 4031 conloquium
585 3928 657 4028 ejus
685 3935 907 4031 postulantes,
937 3956 1115 4008 venerunt.
1166 3934 1302 4009 Audire
