3000 5144
268 532 312 603 62
501 526 543 601 C.
576 528 844 603 Conuatrr
873 530 1066 606 Tscrrt

266 710 300 778 lle
325 705 438 779 statim
462 713 646 806 cognitum
672 709 735 798 est,
765 709 964 785 conversam
986 710 1031 783 ad
1052 706 1233 783 Vitellium

264 825 480 922 Hispaniam.
529 830 587 900 Ne
616 829 805 924 Aquitania
832 830 989 927 quidem,
1018 854 1236 927 quamquam

264 968 286 1016 a
317 944 414 1037 Julio
440 946 558 1021 Cordo
587 946 624 1019 in
652 950 756 1020 verba
787 948 936 1020 Othonis
965 946 1138 1036 obstricta,
1173 947 1236 1021 diu

263 1067 400 1135 mansit.
450 1063 632 1161 Nusquam
649 1066 749 1155 fides,
780 1086 838 1138 aut
855 1092 974 1138 amor:
1004 1085 1101 1138 metu
1118 1090 1159 1138 ac
1174 1090 1236 1138 ne·

263 1185 410 1254 cessitate
438 1184 506 1255 huc
533 1183 614 1255 illuc
640 1186 872 1257 mutabantur.
924 1185 1057 1257 Eadem
1083 1182 1237 1256 formido

264 1301 480 1395 provinciam
517 1299 782 1375 Narbonensem
822 1305 867 1376 ad
904 1303 1084 1375 Vitellium
1118 1302 1236 1392 vertit,

259 1417 350 1492 sacili
375 1425 514 1493 transtu
541 1423 585 1494 ad
604 1421 842 1517 proximos&
877 1421 1072 1494 validiores.
1132 1423 1232 1493 Lon·

262 1536 401 1636 ginquae
434 1539 636 1636 provinciae,
673 1544 706 1611 δι
739 1539 911 1636 quidquid
939 1560 1115 1612 armorum
1147 1539 1235 1612 mari

260 1657 447 1745 dirimitur,
474 1683 578 1754 penes
608 1659 789 1731 Othonem
822 1660 1028 1748 manebant,
1062 1685 1133 1731 non
1156 1684 1235 1756 par-

261 1776 351 1848 tium
366 1776 500 1862 studio;
528 1775 680 1848 sederat
706 1778 836 1874 grande
861 1795 1081 1850 momentum
1106 1777 1141 1848 in
1169 1803 1234 1850 no·

261 1895 356 1967 mine
372 1895 493 1984 Urbis,
518 1922 557 1969 ac
580 1915 749 1992 praetextu
775 1895 930 1969 senatlts:
952 1901 1235 1991 &occupaverat

266 2014 399 2087 animos
416 2016 509 2110 prior
526 2015 674 2087 auditus.
726 2015 913 2108 Judaicum
937 2014 1126 2087 exercitum
1150 2011 1235 2086 Ves-

263 2136 433 2229 pasianus,
473 2132 578 2228 Syriae
611 2134 761 2230 legiones
800 2133 988 2206 Mucianus
1025 2131 1236 2206 sacramento

261 2250 411 2322 Othonis
444 2252 602 2348 adegdre.
666 2251 777 2323 Simul
817 2250 1008 2349 AEgyptus,
1046 2250 1236 2350 omnesque

261 2366 363 2440 versae
386 2368 423 2439 in
449 2368 628 2440 Orientem
653 2369 851 2464 provinciae,
881 2371 1023 2443 nomine
1043 2367 1114 2466 ejus
1137 2389 1234 2443 tene·

262 2488 398 2560 bantur.
448 2488 547 2559 Idem
576 2484 704 2559 Africae
730 2488 947 2584 obsequium,
978 2487 1075 2559 initio
1102 2513 1123 2560 a
1149 2488 1233 2559 Car·

260 2605 402 2702 thagiue
428 2626 516 2678 orto.
564 2609 691 2702 Neque
716 2606 907 2703 exspedtatl
932 2605 1087 2702 Vipstani
1113 2611 1231 2702 Apro·

262 2723 372 2813 niani,
393 2723 616 2821 proconsulis,
645 2724 860 2814 ausloritate,
887 2723 1062 2813 Crescens,
1081 2723 1235 2797 Neronis

261 2844 400 2916 libertus
429 2846 528 2938 (nam
558 2848 591 2916 ὅτ
618 2843 654 2915 hi
678 2843 776 2916 malis
799 2843 1012 2940 temporibus
1042 2862 1176 2939 partem
1199 2841 1236 2915 se

260 2963 458 3059 reipublicae
475 2961 623 3053 faciunt)
643 2962 785 3057 epulum
804 2962 913 3058 plebi,
940 2965 988 3035 ob
1005 2961 1161 3035 laetitiam
1178 2986 1233 3033 re-

176 3085 180 3091 ’
262 3083 369 3155 centis
402 3080 548 3176 imperii,
587 3082 783 3155 obtulerat:
825 3084 858 3152 δι
887 3082 1036 3175 populus
1069 3081 1235 3177 pleraque

261 3206 330 3275 fine
362 3203 470 3274 modo
499 3198 679 3271 festinavit.
729 3199 972 3294 Carthaginem
997 3218 1116 3272 ceterae
1144 3197 1232 3271 civi·

260 3340 344 3393 tates
369 3318 505 3392 secutae.
552 3317 608 3389 Sic
631 3316 797 3389 distrastis
814 3316 1021 3388 exercitibus
1037 3342 1076 3388 ac
1091 3316 1234 3411 provin-

261 3439 335 3528 ciis,
364 3437 503 3509 Vitellio
529 3435 671 3532 quidem
696 3437 741 3506 ad
766 3435 1003 3530 capessendam
1020 3433 1235 3531 principatbs

263 3556 436 3629 fortunam
454 3557 547 3628 bello
563 3580 651 3651 opus
667 3573 747 3626 erat.

300 3674 487 3745 LXXVII.
500 3675 628 3760 Orno,
641 3692 680 3743 ut
696 3671 732 3742 in
749 3672 855 3744 mults
871 3696 968 3767 pace,
983 3671 1103 3743 munia
1119 3671 1232 3769 impe·

264 3789 305 3862 rii
328 3789 467 3862 obibat:
495 3790 656 3885 quaedam
673 3813 718 3860 ex
734 3788 901 3884 dignitate
918 3789 1128 3885 reipublicae,
1156 3794 1233 3887 ple-

266 3931 371 4003 raque
387 3925 506 3980 contra
534 3907 653 3996 decus,
682 3929 726 3979 ex
750 3906 905 4003 praesenti
920 3907 980 3982 usu
998 3911 1231 4006 properando.
