3000 5144
417 579 812 655 Hrsronrnnuu
853 580 965 653 Lrn.
989 581 1036 655 11.
1164 603 1231 682 155

260 769 334 827 met
350 752 424 826 astu
439 753 613 826 occultati.
662 757 715 828 lta
743 752 872 826 Vitellii
898 773 1031 850 paratus
1048 750 1234 827 nosceban-

258 892 342 947 tur:
369 871 560 969 Vespasrani
581 874 799 946 confiliorum
828 873 991 968 pleraque
1006 871 1139 970 ignota,
1162 873 1234 968 pri-

260 991 362 1064 murn
377 989 531 1064 socordia
553 991 707 1078 Vitellii;
737 991 863 1064 deinde
886 990 1092 1064 Pannonicae
1109 993 1234 1088 Alpes,

261 1108 423 1207 praesrdiis
448 1107 587 1198 insessa,
613 1111 751 1184 nuntios
780 1110 996 1183 retinebant:
1027 1135 1121 1183 mare
1145 1135 1234 1207 quo·

262 1253 332 1325 que
350 1230 539 1301 Etesiarum
556 1232 639 1302 flatu
665 1229 701 1301 in
719 1229 897 1302 Orientem
913 1227 1158 1326 navigantibus
1184 1226 1236 1302 se·

262 1348 433 1434 cundum,
462 1344 544 1419 inde
560 1347 740 1421 adversum
758 1369 839 1421 erat.

312 1467 447 1539 XCIX.
472 1468 508 1538 T
510 1489 667 1557 nunant,
696 1466 890 1564 inruptione
918 1468 1085 1559 hostium,
1110 1467 1234 1541 atroci·

261 1587 327 1659 bus
351 1583 508 1681 undique
535 1585 662 1689 nuntiis
686 1586 878 1676 exterritus,
913 1587 1089 1661 caecinam
1112 1592 1145 1659 br
1165 1589 1235 1661 Va·

261 1705 391 1779 lentem
409 1702 563 1799 expediri
576 1704 618 1775 ad
633 1704 896 1801 bellumjubet:
921 1706 1108 1802 praemiffus
1125 1704 1235 1779 Caeci·

263 1849 332 1896 na:
364 1823 561 1912 Valentem,
591 1849 611 1895 e
630 1824 726 1920 gravi
749 1824 900 1920 corporis
924 1827 1047 1898 morbo
1062 1843 1140 1897 tum
1167 1823 1237 1920 pri-

265 1943 366 2014 mbm
394 1939 649 2039 adsurgentem,
683 1943 862 2016 infirmitas
891 1944 1058 2016 tardabat.
1106 1943 1237 2041 Longe

263 2059 330 2132 alia
361 2060 602 2156 proficiscentis
629 2087 674 2134 cx
702 2064 803 2135 Urbe
837 2060 1038 2135 Germanici
1066 2061 1237 2135 exercitlls

264 2178 390 2275 species
406 2207 416 2251 ε
443 2204 515 2252 non
533 2178 634 2277 vigor
650 2180 867 2277 corporibus,
883 2205 953 2252 non
968 2180 1073 2254 ardor
1084 2179 1233 2254 animis:

263 2297 397 2403 lentum
415 2301 448 2371 δι
465 2322 580 2371 rarum
596 2324 738 2396 agmen,
756 2303 851 2372 fluxa
862 2324 970 2387 arma,
993 2298 1109 2397 segnes
1126 2300 1234 2397 equi:

263 2415 444 2514 impatiens
460 2415 548 2506 solis,
568 2417 733 2514 pulveris,
751 2417 1019 2514 tempestatum:
1048 2422 1234 2516 quantr‘rm·

262 2560 331 2632 que
357 2538 461 2609 hebes
485 2538 529 2609 ad
554 2534 790 2610 sustinendum
822 2539 976 2610 laborem
1003 2537 1115 2630 miles,
1141 2538 1237 2612 tantb

262 2655 306 2726 ad
323 2654 508 2729 discordias
533 2655 734 2752 promptior.
786 2656 986 2729 Accedebat
1003 2658 1072 2731 huc
1089 2657 1237 2733 Caecinae

264 2775 408 2848 ambitio
431 2794 544 2862 vetus,
582 2793 700 2870 torpor
724 2800 854 2864 recens,
882 2774 989 2847 nimia
1011 2774 1157 2849 formnae
1186 2776 1239 2848 in·

264 2893 443 2991 dulgentia
469 2892 568 2966 soluti
596 2892 630 2964 in
654 2895 803 2967 luxum:
829 2892 885 2966 seu
914 2893 1096 2990 perfidiam
1126 2894 1237 2968 medi·

264 3030 350 3101 tato,
383 3010 569 3108 infringere
609 3012 776 3086 exercitbs
814 3013 991 3103 virtutem,
1033 3012 1121 3087 inter
1152 3033 1239 3087 artes

265 3151 351 3204 crat.
398 3131 584 3203 Credidere
610 3131 776 3229 plerique,
815 3131 925 3204 Flavii
946 3130 1062 3205 Sabini
1093 3131 1238 3205 consiliis

265 3251 464 3321 concussam
488 3248 636 3322 Caecinae
665 3270 834 3340 mentem,
862 3250 1013 3324 ministro
1042 3250 1238 3325 sermonum

265 3366 402 3446 Rubrio
414 3369 532 3457 Gallo,
553 3376 579 3410 “
600 3390 673 3441 rata
684 3370 777 3465 apud
791 3368 1034 3464 Vespasianum
1050 3366 1122 3441 fore
1139 3371 1239 3466 pacta

266 3492 294 3529 “
313 3485 517 3558 transitionis
534 3489 570 3558 :''
606 3490 703 3561 simul
727 3488 888 3562 odiorum
917 3487 1127 3584 invidiaque
1157 3514 1239 3587 erga

265 3606 414 3690 liabium
432 3607 613 3678 Valentem
631 3608 893 3694 admonebatur,
918 3613 945 3648 ‘⁶
963 3627 1001 3679 ut
1016 3606 1128 3702 impar
1143 3610 1238 3703 apud

267 3730 295 3767 “
313 3722 506 3813 Vitellium,
536 3724 681 3821 gratiam
697 3723 852 3822 viresque
876 3725 969 3825 apud
987 3750 1121 3804 novum
1137 3725 1237 3805 Prin-

270 3849 299 3894 “
318 3842 434 3942 cipem
452 3845 622 3941 pararet.’'
