3000 5144
404 542 650 622 Dranoeus
686 571 741 620 na
776 546 1096 618 Oanronraus.
1197 566 1238 646 17

263 715 400 814 Paravi,
424 723 550 820 inquit,
578 748 649 812 me,
679 747 750 793 non
766 720 881 793 minias
904 718 966 792 diu
982 717 1136 790 accusare
1161 741 1240 789 ora-

261 859 364 930 tores,
394 844 503 938 quam
521 847 618 937 Aper
644 842 771 913 laudat.
821 842 909 911 Fore
930 838 1023 909 enim
1051 835 1239 908 arbitrabar

261 980 301 1032 ut
317 986 338 1033 a
354 962 549 1034 laudatione
565 987 685 1032 eorum
701 959 867 1055 digressus
890 958 1088 1028 detreslaret
1105 959 1239 1051 postas,
1348 1013 1352 1020 .

261 1098 366 1176 atque
384 1080 580 1152 carminum
607 1079 758 1150 studium
787 1076 1034 1172 prosterneret:
1061 1095 1130 1145 arte
1151 1075 1239 1170 qus·

261 1198 344 1268 dam
363 1197 550 1293 mitigavit,
576 1197 803 1271 concedendo
824 1195 890 1282 his,
919 1193 980 1290 qui
1007 1190 1121 1265 causas
1137 1217 1239 1290 agere

261 1340 333 1386 non
354 1317 501 1411 pollent,
532 1335 570 1386 ut
587 1312 699 1386 versus
718 1313 876 1387 facerent.
927 1314 1008 1409 Ego
1022 1333 1138 1384 autem
1157 1314 1241 1384 sicut

260 1432 296 1504 in
315 1437 421 1506 causis
439 1432 583 1530 agendis
610 1435 745 1505 efficere
772 1431 906 1528 aliquid
932 1431 969 1501 &
995 1431 1077 1502 eniti
1102 1429 1239 1503 fortasse

261 1555 413 1647 possum,
431 1551 479 1624 ita
490 1551 687 1625 recitatione
697 1552 946 1649 tragoediarum
962 1547 1097 1646 ingredi
1109 1548 1240 1622 samam

261 1670 454 1766 auspicatus
487 1671 577 1759 sum,
613 1690 689 1743 tum
724 1671 880 1767 quidem,
917 1670 999 1742 ciam
1028 1669 1065 1741 in
1099 1669 1240 1741 Nerone

260 1789 476 1886 improbam,
507 1791 544 1861 &
566 1789 758 1862 studiorum
775 1813 916 1887 quoque
936 1788 1028 1861 sacra
1056 1785 1239 1884 profanan-

263 1929 335 1981 tem
358 1909 486 1981 Vatinii
505 1909 697 2005 potentiam
714 1908 825 2005 fregi:
858 1908 895 1978 δε
922 1907 1028 1979 hodie
1047 1911 1068 1979 sr
1088 1905 1173 2002 quid
1200 1905 1238 1978 in

264 2027 365 2099 nobis
383 2027 512 2100 notitiae
538 2053 578 2100 ac
606 2027 757 2100 nominis
774 2028 834 2116 est,
862 2027 972 2124 magis
997 2025 1146 2098 arbitror
1163 2050 1237 2098 car·

263 2145 416 2235 minum,
447 2148 554 2244 quam
572 2147 769 2219 orationum
794 2145 901 2243 gloria
924 2166 1082 2242 partum:
1112 2170 1152 2218 ac
1163 2143 1241 2241 jam

261 2289 319 2336 me
336 2262 512 2362 sejungere
529 2293 548 2336 a
565 2264 686 2337 sorensi
705 2268 822 2338 labore
844 2264 1016 2353 constitui,
1044 2289 1109 2335 nec
1126 2262 1238 2336 comi·

262 2401 352 2456 tatus
369 2383 464 2471 istos,
490 2384 527 2454 δε
544 2387 707 2481 egressus,
734 2404 793 2456 aut
810 2382 1040 2482 frequentiam
1067 2381 1239 2455 salutatio-

261 2524 348 2572 num
367 2500 597 2598 concupisco:
630 2529 700 2576 non
716 2503 827 2600 magis
846 2505 952 2601 quiam
969 2529 1049 2594 aera,
1067 2503 1102 2574 δι
1116 2503 1239 2601 imagi-

265 2643 339 2708 nes,
367 2645 445 2716 quae
471 2621 589 2711 etiam,
615 2647 672 2693 me
700 2625 852 2711 nolente,
882 2623 919 2695 in
946 2625 1094 2696 domum
1121 2647 1238 2696 meam

259 2736 474 2834 inruperunt.
516 2742 612 2813 Nam
630 2741 754 2814 statum
773 2740 947 2838 hucusque
967 2766 1007 2813 ac
1025 2739 1238 2815 securitatem

260 2857 384 2930 melibs
411 2858 609 2933 innocentia
635 2882 747 2949 tueor,
782 2862 889 2958 quam
916 2857 1134 2957 eloquentia:
1171 2883 1238 2932 nec

264 2999 400 3066 vereor,
436 3004 480 3051 ne
508 2978 594 3051 mihi
626 3005 795 3077 umquam
823 2982 925 3052 verba
950 2979 986 3051 in
1012 2976 1141 3068 senatu,
1176 2977 1238 3052 nisa

259 3119 324 3192 pro
341 3095 481 3168 alterius
497 3097 705 3187 discrimine,
731 3096 886 3172 facienda
903 3101 978 3171 sint.

311 3215 395 3286 Xll.
421 3216 601 3288 Nemora
631 3193 728 3306 veli),
760 3223 792 3290 δι
817 3217 901 3306 luci,
930 3223 963 3291 δι
990 3216 1156 3290 secretum
1183 3216 1237 3313 ip·

266 3330 354 3420 sum,
379 3335 475 3428 quod
491 3339 587 3431 Aper
603 3336 813 3432 increpabat,
832 3356 962 3409 tantam
982 3335 1067 3408 mihi
1090 3337 1237 3409 afferunt

260 3453 493 3547 voluptatem,
516 3473 554 3527 ut
579 3455 667 3527 inter
683 3456 875 3551 praecipuos
896 3455 1091 3528 carminum
1106 3455 1234 3531 frudus

264 3594 461 3661 numerem,
488 3573 586 3669 quod
609 3600 672 3647 nec
688 3575 724 3646 in
744 3574 900 3670 strepitu,
926 3600 989 3647 nce
1006 3573 1141 3646 sedente
1157 3594 1238 3647 ante

263 3687 390 3761 ostium
407 3690 588 3788 litigatore,
612 3718 675 3766 nec
694 3695 781 3765 inter
798 3691 909 3767 sordes
936 3719 975 3766 ac
1004 3692 1161 3766 lacrimas
1182 3719 1236 3766 re-

264 3829 365 3880 orum
392 3834 667 3907 componuntur,
697 3810 754 3884 sed
783 3811 907 3885 secedit
935 3812 1072 3885 animus
1097 3811 1133 3883 in
1158 3813 1237 3889 loca

263 3953 348 4027 pura
382 3950 485 4028 atque
509 3931 719 4024 innocentia,
747 3929 938 4030 fruiturque
966 3929 1100 4006 sedibus
1127 3929 1235 4009 sacris.

748 4051 779 4124 C
