3000 5144
338 556 406 623 218
530 549 572 621 C.
614 549 879 623 Conuarrt
921 549 1120 623 Tncr'rt

329 748 478 818 quorum
496 721 639 794 nomina
655 726 786 797 tradere
804 724 897 797 haud
916 743 1117 820 promptum
1134 722 1196 811 est,
1216 749 1305 820 quo·

328 840 422 912 niam
453 841 581 913 vidore
606 841 821 939 Vespasiano,
851 842 952 915 multi
982 842 1018 914 id
1041 842 1200 915 meritum
1226 866 1309 938 erga

329 979 439 1055 partes
469 962 679 1034 sunulavere.
729 962 910 1034 Subierunt
933 960 1105 1034 obfidium
1133 959 1237 1035 etiam
1258 958 1307 1032 fe·

329 1077 433 1150 minae
450 1078 537 1151 inter
555 1105 639 1175 quas
668 1079 821 1152 maxime
844 1079 999 1177 insrgnis,
1027 1081 1201 1152 Verulana
1218 1081 1305 1151 Gra·

327 1195 420 1285 cilia,
439 1223 551 1294 neque
567 1197 704 1286 liberos,
722 1224 835 1295 neque
852 1198 1079 1295 propinquos,
1096 1197 1153 1271 sed
1172 1199 1305 1273 bellum

328 1314 452 1390 secuta.
502 1315 702 1391 Vitellianus
719 1317 830 1407 miles,
853 1317 1005 1391 custodia
1023 1316 1156 1391 socordi
1173 1315 1305 1391 clausos

329 1435 572 1525 circumdedit,
595 1437 721 1533 erique,
751 1436 920 1510 concubii
938 1439 1052 1525 noste,
1077 1436 1154 1511 suos
1178 1436 1306 1511 liberor

328 1556 486 1642 Sabinus,
517 1560 549 1626 δι
579 1555 819 1628 Domitianum
848 1553 959 1628 fratris
990 1555 1116 1645 lilium,
1141 1555 1177 1627 in
1200 1554 1304 1651 Capi·

329 1673 454 1749 tolium
487 1673 623 1763 accivit,
658 1674 758 1746 milio
784 1700 844 1771 per
867 1675 1024 1771 negledla
1048 1676 1094 1749 ad
1120 1674 1304 1749 Flavianos

328 1796 435 1867 duces
459 1791 595 1881 nunti0,
615 1791 676 1889 qui
694 1800 720 1835 “
736 1793 962 1867 circumfideri
978 1792 1082 1890 ipsos,
1102 1797 1150 1881 &,
1174 1793 1210 1865 ni
1226 1793 1305 1866 sub·

331 1920 358 1955 “
375 1913 561 1999 veniretur,
586 1912 695 1984 ardus
719 1913 795 1985 res'’
817 1911 997 1984 nuntiaret.
1046 1913 1198 1985 Noctem
1215 1911 1303 1985 adeb

330 2031 484 2130 quietam
501 2031 587 2128 egit,
605 2051 643 2103 ut
660 2030 801 2128 degredi
820 2035 888 2104 fine
905 2034 997 2104 noxa
1012 2031 1177 2127 potuerit:
1199 2031 1303 2128 quip-

329 2176 374 2249 pe
391 2151 489 2224 miles
506 2149 634 2221 Vitellii
652 2150 814 2224 adversus
832 2149 982 2246 pericula
998 2149 1109 2240 ferox,
1129 2148 1304 2227 laboribus

329 2267 503 2366 &vigiliis
520 2293 639 2364 parurn
657 2266 807 2341 intentus
831 2289 925 2343 erat:
956 2272 989 2342 δι
1011 2269 1172 2345 hibernus
1188 2268 1300 2343 imber

328 2387 470 2485 repenti·
487 2384 592 2472 fusus,
605 2387 726 2458 oculos
742 2385 904 2484 auresque
918 2387 1140 2484 impediebat.

378 2508 499 2581 LXX.
526 2506 638 2577 Lucu
665 2503 788 2600 primi,
817 2505 975 2595 Sabinus,
1004 2527 1190 2602 antequam
1213 2505 1301 2579 invi·
1368 2539 1370 2543 ·

328 2652 406 2699 cem
430 2624 564 2696 hostilia
584 2643 787 2720 coeptarent,
815 2625 1017 2698 Cornelium
1038 2624 1253 2716 Martialem,
1282 2649 1303 2699 e

330 2744 613 2844 primipilaribus,
639 2744 684 2817 ad
706 2742 888 2817 Vitellium
914 2743 1017 2834 misit,
1049 2750 1076 2786 “
1095 2769 1177 2817 cum
1202 2769 1303 2817 man·

330 2873 360 2909 “
379 2855 464 2938 datis
482 2869 514 2936 dr
534 2864 668 2961 questu,
684 2861 780 2959 qubd
798 2865 898 2958 pada
914 2865 1139 2935 turbarentur.
1186 2861 1301 2936 Simu·

331 2994 358 3029 “
376 2985 538 3057 lationem
557 2980 691 3079 prorsus
718 2985 750 3052 δι
771 2980 960 3078 imaginem
976 2981 1174 3078 deponendi
1190 2981 1302 3078 impe·

331 3104 420 3177 “rii
452 3101 562 3190 fuiffe,
597 3100 641 3173 ad
675 3099 897 3195 decipiendos
928 3121 980 3173 tot
1013 3101 1168 3174 inlustres
1199 3101 1301 3174 viros.

332 3232 360 3268 “
380 3226 450 3297 Cur
467 3221 559 3293 enim
577 3245 596 3292 e
619 3218 732 3292 rostris
749 3217 861 3290 fratris
877 3220 1038 3309 domum,
1060 3218 1303 3294 imminentem

329 3353 357 3390 “
375 3343 464 3432 foro,
508 3345 541 3415 &
578 3337 757 3411 inritandis
791 3338 974 3411 hominum
1016 3339 1139 3427 oculiS,
1191 3338 1300 3435 quim

332 3474 359 3509 “
379 3458 595 3537 Aventinum
617 3462 650 3531 &
669 3475 807 3554 penates
823 3456 940 3529 uxoris
957 3457 1111 3553 petiffet?
1163 3458 1214 3529 lta
1230 3455 1300 3553 pri·

332 3592 361 3628 “
379 3604 474 3670 vat0,
513 3584 546 3651 δι
575 3602 718 3650 omnem
752 3574 962 3671 principatlrs
990 3575 1138 3672 speciem
1164 3575 1300 3664 vitanti,

332 3710 360 3746 “
380 3697 598 3774 convenille:
642 3695 776 3783 contrb,
818 3695 999 3767 Vitellium
1041 3695 1076 3766 in
1118 3693 1297 3791 palatium,

305 3854 308 3861 ·
333 3819 412 3891 “in
441 3816 547 3913 ipsam
575 3813 712 3911 imperii
742 3839 856 3886 arcem
884 3816 1084 3911 regreffum.
1134 3813 1220 3885 Inde
1245 3838 1299 3886 ar·

333 3945 360 3986 “
377 3957 509 4015 matum
536 3959 661 4033 agmen
690 3932 870 4020 emilsum3
898 3933 1036 4009 stratam
1060 3930 1299 4008 innocentium
