3000 5144
346 542 393 620 92
549 512 1142 596 C.Connnt11Tnc1r1

341 711 539 789 corruptus,
553 691 598 764 ita
615 693 819 789 proeliornm
836 693 968 767 avidus.
1001 695 1089 766 Non
1104 689 1201 766 ltalia
1216 686 1315 782 adiri,

339 832 404 884 nec
429 812 507 883 loca
539 809 700 908 sedesque
721 812 837 907 patriae
871 813 1098 886 videbantur:
1134 830 1318 908 tamquam

341 949 484 1003 externa
511 928 627 1020 litora,
657 934 691 1002 &
714 933 817 1005 urbes
844 931 1008 1023 hostium,
1037 956 1150 1020 urere,
1172 930 1317 1019 vastare,

340 1073 480 1146 rapere:
513 1045 555 1120 ed
571 1048 731 1138 atrocius,
759 1049 855 1146 qubd
873 1049 958 1122 nihil
975 1047 1120 1146 usquam
1144 1047 1320 1145 provisum

340 1167 527 1241 adversum
546 1183 677 1240 metus:
705 1167 797 1264 pleni
823 1167 911 1267 agri,
935 1188 1059 1265 apertae
1077 1169 1230 1241 domus:
1258 1192 1319 1240 ocd

342 1285 512 1360 cursantes
539 1285 673 1358 domini
695 1285 799 1383 juxta
815 1285 980 1385 conjuges
1007 1288 1199 1376 &liberos
1225 1285 1321 1359 secu·

341 1405 441 1481 ritate
459 1403 566 1502 pacis,
585 1409 618 1477 &
636 1405 718 1479 belli
730 1407 824 1479 rnalo
841 1405 1211 1480 circumveniebantur.
1239 1407 1321 1478 Mas

342 1524 476 1600 ritimas
492 1543 570 1596 tum
588 1525 697 1620 Alpes
714 1528 854 1599 tenebat
872 1546 1071 1622 procurator
1086 1525 1221 1599 Marius
1237 1527 1321 1598 Ma-

344 1663 453 1718 turus.
512 1644 545 1714 ls
578 1642 714 1717 concitas
747 1664 865 1741 gente,
898 1647 982 1739 (nec
1014 1643 1110 1717 deest
1136 1643 1322 1741 juventus)

343 1788 461 1836 arcere
472 1761 657 1859 provincia
677 1762 804 1836 finibus
815 1763 1035 1836 Othonianos
1050 1763 1208 1837 intendit.
1256 1763 1325 1836 Sed

346 1881 462 1979 primo
478 1881 613 1979 impetu
632 1885 706 1956 caes1
722 1881 923 1981 disjedique
938 1883 1109 1973 montani,
1125 1902 1166 1955 ut
1182 1883 1323 1980 quibus,

344 2020 476 2077 temere
502 2002 665 2092 collectis,
699 2028 772 2075 non
804 2002 927 2091 castra,
957 2021 1028 2075 non
1059 2003 1186 2076 ducem
1214 2000 1323 2075 nosci-

345 2122 510 2212 tantibus,
542 2146 655 2218 neque
679 2120 716 2193 in
733 2120 875 2195 vistoris
891 2121 997 2195 decus
1021 2123 1116 2213 effet,
1146 2145 1262 2220 neque
1287 2122 1325 2194 in

346 2238 433 2339 fugi
456 2239 642 2337 flagitium.

396 2359 498 2433 Xlll.
524 2361 745 2434 lunrrnrus
758 2385 801 2433 eo
814 2360 937 2458 proelio
950 2361 1100 2435 Othonis
1115 2361 1227 2451 miles,
1246 2386 1325 2434 ver·

346 2476 388 2552 tit
405 2478 469 2551 iras
481 2477 518 2548 in
531 2477 759 2575 municipium
777 2479 924 2554 Albium
937 2479 1176 2554 Intemelium:
1194 2479 1327 2579 quippe

347 2598 385 2672 in
409 2597 481 2671 acie
502 2596 588 2670 nihil
613 2600 759 2695 praedae:
790 2598 912 2696 inopes
927 2598 1087 2698 agrestes,
1117 2604 1152 2672 δι
1168 2597 1251 2672 vilia
1271 2625 1325 2672 at-

288 2761 292 2768 «
348 2744 432 2792 ma:
459 2741 524 2789 nee
549 2716 627 2813 capi
656 2737 829 2813 poterant,
859 2719 982 2814 pernix
1006 2743 1129 2816 genus,
1164 2721 1198 2792 δι
1226 2717 1328 2817 gnari

347 2837 525 2910 locorum:
545 2834 603 2908 sed
620 2835 869 2910 calamitatibus
884 2834 1072 2910 insontium
1088 2839 1227 2933 expleta
1243 2864 1325 2913 ava·

348 2956 435 3030 ritia.
484 2954 597 3028 Auxit
620 2954 788 3028 invidiam
817 2957 980 3053 praelato
1008 2957 1173 3053 exemplo
1198 2955 1329 3030 semina

350 3073 477 3172 Ligus,
508 3098 587 3170 quae
622 3072 695 3146 filio
728 3073 861 3164 abditu,
894 3075 976 3148 clun
1010 3078 1109 3149 fimul
1143 3075 1329 3174 pecuniam

349 3191 516 3269 occultari
532 3191 658 3265 milites
674 3192 906 3283 credidissent,
930 3195 1042 3292 eoque
1070 3221 1131 3292 per
1156 3194 1331 3269 cruciatus

350 3315 603 3410 interrogarent
644 3311 759 3384 “ubi
793 3312 905 3386 filium
941 3316 1154 3405 occuleret,’'
1186 3335 1327 3389 uterum

350 3435 548 3522 ostendens,
583 3436 611 3472 “
629 3431 758 3503 latere”
779 3429 963 3530 respondit.
1013 3435 1091 3507 Nec
1108 3434 1186 3507 ullis
1202 3433 1330 3507 deinde

351 3552 551 3641 terroribus,
579 3567 640 3622 aut
664 3569 789 3641 morte,
808 3551 1037 3626 constantiam
1058 3552 1154 3627 vocis
1177 3552 1329 3651 egregiae

353 3691 515 3746 mutavit.

401 3792 500 3863 XIV.
543 3795 571 3831 “
611 3791 820 3862 Instruere
867 3790 1055 3888 provinciae
1096 3793 1357 3880 Narbonenfi,'

358 3909 442 3981 “in
474 3909 580 3982 verba
612 3907 743 3981 Vitellii
781 3909 924 4002 adastae,
967 3912 1105 3985 classem
1139 3909 1330 3999 Othonis,''
