3000 5144
348 572 412 627 110
556 550 1128 629 commumoni

336 726 456 798 relisio
470 723 652 798 Placentiae
670 724 811 799 modico
827 725 995 823 praesrdio,
1011 753 1093 802 cum
1109 712 1309 802 cohoitibus

338 842 509 917 subvenit.
559 842 651 914 Dein
668 842 827 918 Flavium
849 845 1031 936 Sabinum,
1055 846 1230 920 consulem
1246 848 1309 921 de·

261 1020 263 1024 .
339 966 524 1059 fignatum,
549 962 646 1034 Otho
658 964 823 1036 rectorem
839 963 949 1060 copiis
960 965 1063 1056 misit,
1083 965 1208 1062 quibus
1225 967 1309 1040 Ma·

339 1107 397 1156 cer
413 1080 609 1179 prasuerat3
629 1085 709 1156 laeto
725 1082 836 1157 milite
856 1084 901 1155 ad
918 1085 1145 1159 mutationem
1162 1085 1312 1174 ducum,

341 1202 374 1272 δι
392 1200 555 1291 ducibus,
573 1204 620 1274 ob
637 1202 771 1277 crebras
787 1201 981 1295 seditiones,
995 1201 1233 1278 taminsestnm
1243 1202 1313 1277 mi·

339 1320 449 1393 litiam
467 1320 734 1416 aspernantibus.

388 1442 580 1514 XXXVII.
605 1443 775 1514 Invnnro
807 1443 902 1537 apud
938 1440 1107 1538 quosdam
1139 1443 1308 1533 audores,

341 1566 517 1658 “pavore
546 1560 645 1649 belli,
682 1557 739 1633 seu
763 1559 901 1633 fastidio
929 1561 1103 1660 utriusque
1126 1563 1311 1659 Principis,

342 1685 370 1722 “
388 1704 538 1776 quorum
565 1679 695 1777 flagitia
720 1705 761 1753 ac
793 1681 944 1754 dedecus
976 1681 1142 1778 apertiore
1178 1681 1215 1753 in
1237 1680 1314 1754 dies

342 1805 372 1842 “
390 1797 483 1872 sams
511 1796 752 1888 noscebantur,
789 1799 959 1874 dubitasse
991 1801 1172 1891 exercitus,
1208 1827 1311 1893 num,

342 1925 373 1962 “
391 1922 501 2015 posuo
526 1917 722 2009 certamine,
746 1920 803 1992 vel
829 1919 891 2016 ipsi
915 1919 953 1992 in
969 1920 1125 1994 medium
1140 1921 1312 1994 consulta-

331 2045 374 2083 ·“
391 2058 482 2130 rent,
511 2040 567 2112 vel
600 2036 729 2157 senatui
761 2038 994 2136 permitterent
1019 2042 1133 2138 legere
1155 2042 1313 2136 Impera·

343 2166 371 2202 “
390 2179 513 2232 torem.
562 2163 682 2255 Atque
695 2155 737 2231 eo
753 2160 860 2233 duces
876 2158 1093 2235 Othonianos
1108 2159 1257 2257 spatium
1272 2184 1314 2234 ac

342 2284 503 2350 “moras
524 2276 665 2366 suasisse,
689 2279 861 2377 pracipud
885 2279 1084 2354 Paullinum
1091 2308 1103 2368 3
1133 2277 1231 2378 quod
1252 2305 1313 2354 ve·

343 2403 372 2440 “
390 2395 586 2470 tustiffimus
608 2396 853 2488 consularium,
883 2405 917 2474 δε
942 2399 1065 2474 militia
1086 2401 1210 2490 clarus,
1236 2400 1313 2497 glo.

342 2515 475 2588 “riam
498 2541 696 2614 nomenque
711 2517 912 2592 Britannicis
933 2517 1214 2616 expeditionibus
1236 2545 1312 2593 me-

240 2700 244 2707 .
344 2640 373 2678 “
389 2634 541 2708 ruisset.'’
602 2639 683 2735 Ego
709 2657 748 2710 ut
778 2637 1013 2728 concesserim,
1045 2639 1141 2736 apud
1169 2663 1312 2736 paucos,

343 2755 450 2830 tacito
466 2776 566 2847 voto,
591 2755 744 2854 quietem
768 2782 833 2855 pro
850 2757 1033 2846 discordis,
1056 2761 1189 2832 bonurn
1207 2760 1241 2829 δι
1258 2757 1312 2830 in·

343 2896 530 2950 nocentem
558 2874 772 2975 Principem,
799 2903 863 2973 pro
888 2877 1034 2974 pesstmis
1058 2903 1099 2951 ac
1126 2877 1314 2975 flagitiofis·

343 2997 434 3071 srmis
455 2995 672 3094 expetitum:
703 2995 749 3068 ita
770 3021 883 3093 neque
898 2996 1108 3087 Paullinum,
1133 2998 1203 3094 qud
1230 3023 1315 3094 pru·

342 3116 460 3189 dentis
482 3115 560 3204 suit,
584 3114 737 3212 sperasse,
755 3114 1005 3213 corruptiffimo
1021 3113 1157 3207 saeculo,
1183 3136 1315 3190 tantam

343 3235 441 3333 vulgi
470 3235 757 3326 moderationem,
787 3261 876 3325 teor,
902 3254 956 3326 ut,
990 3236 1052 3334 qui
1083 3261 1204 3333 pacem
1229 3237 1314 3309 belli

343 3380 460 3428 amore
486 3357 723 3453 turbaverant,
753 3357 890 3429 bellum'
913 3354 1007 3453 pacis
1040 3354 1178 3429 caritate
1204 3356 1314 3452 depo-

345 3491 486 3546 nerent:
513 3499 627 3571 neque
655 3494 713 3547 aut
743 3474 911 3549 exercitus
937 3474 1066 3573 linguis
1092 3471 1313 3570 moribusque

343 3593 508 3680 dissonos,
536 3592 572 3664 in
595 3594 687 3668 hunc
715 3592 915 3668 consensum
940 3593 1086 3690 potuisse
1110 3589 1313 3684 coalescere,

345 3732 405 3783 aut
421 3712 552 3808 legatos
569 3737 609 3784 ac
625 3713 744 3802 duces,
762 3715 890 3810 magni
906 3738 950 3786 ex
968 3732 1066 3809 parte
1082 3714 1199 3804 luxsrs,
1217 3713 1313 3811 eges-

344 3828 438 3918 tatis,
456 3827 621 3903 scelerum
639 3831 700 3904 fibi
716 3829 882 3922 conscios,
904 3831 965 3906 nist
981 3834 1153 3929 pollutum
1170 3834 1315 3909 obstric-

346 3965 491 4044 tumque
506 3947 635 4024 metitis
651 3948 714 4025 suis
731 3949 928 4050 Principem
951 3953 1114 4050 passuros.
