3000 5144
363 594 765 682 Hrsrnnranunr
797 596 909 670 Lrn.
934 596 963 671 Ι.
1111 619 1154 700 73

187 767 216 844 is
248 769 401 843 Urbanae
438 768 569 842 militiae
604 768 765 868 impiger,
797 774 967 847 bellorum
995 772 1155 865 insolens,

187 888 428 963 auctoritatem
449 888 610 978 Paullini,
630 890 787 987 vigorem
804 893 905 982 Celsi,
925 894 1158 967 maturitatem

185 1008 296 1097 Galli,
310 1027 348 1081 ut
365 1006 492 1103 cuique
508 1027 578 1079 erat
595 1008 826 1096 criminando,
842 1013 937 1106 quod
955 1011 1158 1086 facillimum

187 1126 281 1202 factu
312 1127 374 1215 est,
402 1130 581 1223 pravus&
609 1127 765 1217 callidus,
794 1131 901 1201 bonos
924 1135 957 1202 ἃ
985 1131 1159 1204 modestos

132 1243 136 1254 ⁴
187 1247 353 1320 anteibat.
683 1318 687 1335 ,

237 1366 480 1440 LXXXVIII.
505 1366 712 1439 Surosrrus
734 1392 793 1462 per
816 1392 873 1440 eos
890 1367 962 1441 dies
979 1368 1159 1441 Cornelius

188 1486 372 1560 Dolabella
402 1483 438 1554 in
466 1483 636 1557 coloniam
662 1486 889 1581 Aquinatem,
919 1511 1032 1582 neque
1067 1490 1160 1560 arcia

189 1605 355 1695 custodia,
384 1629 497 1700 neque
519 1603 679 1677 obscura:
706 1606 840 1677 nullum
862 1607 909 1678 ob
934 1606 1079 1695 crimen,
1103 1606 1161 1679 sed

191 1724 323 1796 vetusto
356 1722 511 1811 nomine,
548 1723 870 1820 &propinquitate
906 1725 1027 1797 Galbae
1060 1751 1160 1797 mon-

189 1843 319 1916 stratus.
368 1843 504 1914 Multos
531 1842 833 1939 emagistratibus,
859 1868 1024 1941 magnam
1040 1844 1161 1920 consu-

189 1961 312 2034 larium
329 1980 473 2057 partem,
497 1964 606 2051 Otho,
624 1986 696 2034 non
718 1961 899 2056 participes
916 1983 974 2034 aut
990 1962 1162 2037 ministros
1197 2027 1205 2040 .

192 2082 299 2170 bellu,
319 2079 376 2152 sed
393 2080 561 2153 comitum
582 2080 705 2177 specie,
736 2079 851 2153 secum
874 2080 1038 2177 expedire
1048 2079 1161 2178 jubet.

190 2201 232 2272 In
246 2201 326 2297 qula
344 2204 377 2271 δι
395 2203 440 2272 L.
453 2199 646 2288 Vitellium,
670 2200 793 2271 eodem
811 2224 882 2295 quo
905 2220 1035 2272 ceteros
1051 2204 1161 2291 cultu,

191 2341 256 2392 trec
271 2340 311 2392 ut
326 2318 545 2416 Imperatoris
568 2317 721 2406 fratrem,
746 2343 809 2391 nec
834 2339 873 2391 ut
890 2319 1002 2392 hostis.
1051 2319 1163 2417 Igitur

192 2460 298 2512 motae
322 2437 430 2512 Urbis
457 2463 571 2511 curae:
596 2438 710 2510 nullus
737 2438 823 2508 ordo
850 2458 961 2527 metu,
983 2458 1042 2512 aut
1072 2438 1160 2536 peri·

192 2560 273 2632 culo
297 2582 447 2631 vacuus:
478 2556 644 2653 primores
666 2555 797 2628 senatus
824 2576 924 2630 aetate
942 2557 1100 2649 invalidi,
1127 2564 1163 2631 bc

193 2679 299 2775 longa
327 2701 410 2773 pace
433 2676 585 2760 desides3
619 2674 744 2772 segnis,
773 2679 806 2748 &
836 2677 945 2750 oblita
977 2680 1161 2768 bellorum,

194 2796 378 2881 nobilitas;
407 2794 545 2893 ignarus
575 2794 706 2866 militiae
741 2818 863 2891 equcs3
891 2795 1021 2893 quanti)
1052 2797 1164 2895 magis
1252 2832 1256 2839 ·

194 2917 365 2989 occultare
395 2915 589 2987 &abdere
621 2938 787 3008 pavorem
808 2913 1018 3005 nitebantur,
1052 2917 1164 2989 mani·

194 3033 311 3107 sestius
329 3034 456 3130 pavidi.
505 3035 542 3106 N
545 3058 584 3104 ec
600 3035 775 3105 deerante
797 3033 983 3124 contrario,
1008 3036 1068 3132 qui
1089 3062 1163 3108 am-

196 3152 325 3226 bitione
343 3153 477 3241 stolida,
512 3151 694 3249 conspicua
725 3177 832 3241 arma,
862 3151 1007 3250 insignes
1040 3181 1163 3252 equos,

196 3271 341 3369 quidam
363 3271 554 3346 luxuriosos
570 3292 751 3368 apparatus
768 3271 1024 3364 conviviorum,
1055 3280 1088 3348 δι
1110 3275 1164 3347 in-

196 3390 378 3464 ritamenta
406 3391 606 3480 libidinum,
635 3410 672 3462 ut
701 3389 919 3462 instrumenta
948 3392 1044 3482 belli,
1075 3418 1165 3466 met·

197 3530 363 3583 carentur.
412 3509 627 3605 Sapientibus
647 3507 771 3605 quietis
794 3512 826 3580 ar
854 3508 1050 3604 reipublicae
1072 3539 1165 3603 cura,

197 3629 381 3702 leviffimus
394 3628 550 3725 quisque,
577 3632 610 3699 ἃ
634 3625 737 3699 futuri
756 3626 983 3722 improvidus,
1000 3630 1059 3728 spe
1075 3636 1166 3706 vana

197 3768 345 3821 tumens.
393 3747 501 3820 Multi
527 3746 663 3818 adflicla
687 3747 756 3818 fide
782 3745 817 3817 in
837 3772 934 3842 pace,
960 3774 1001 3824 ac
1023 3753 1166 3828 turbatis

200 3869 301 3940 rebus
315 3867 455 3958 alacres,
470 3870 502 3938 δι
516 3890 578 3963 per
590 3865 716 3939 incerta
727 3865 890 3941 tutiffimi.
