3000 5144
411 518 1065 605 HssronrnnusrLsa.Ill.
1165 539 1230 617 173

261 691 370 766 fensos
386 692 648 767 incitamentum
666 715 751 785 erut,
777 714 958 790 tamquam
976 690 1102 764 nimius
1127 712 1234 786 pavor

261 811 504 886 conscientiam
542 834 713 911 argueret.
778 815 1040 886 Obturbubatur
1083 809 1236 882 militum

263 931 409 1005 vocibus
443 933 617 1029 Aponius,
647 935 729 1005 clim
758 932 855 1028 loqui
885 950 1067 1027 coeptaret:
1098 928 1235 1001 fremitu

264 1055 298 1123 ἃ
316 1053 468 1125 clamore
485 1073 617 1124 ceteros
634 1051 870 1148 aspernantur:
890 1049 950 1122 uni
964 1046 1121 1120 Antonio
1138 1072 1235 1142 aper-

261 1190 306 1244 tae
336 1170 486 1243 militum
512 1196 634 1243 aures:
661 1171 826 1266 Namque
854 1173 887 1240 dc
917 1166 1078 1240 facundia
1104 1167 1236 1254 aderat,

261 1290 509 1386 mulcendique
547 1292 698 1386 vulgum
723 1311 823 1376 artes,
852 1292 886 1360 dc
920 1287 1111 1359 auctoritas.
1160 1285 1237 1359 Ubi

259 1407 452 1483 cmdescere
464 1407 596 1499 seditio,
618 1413 651 1480 δι
669 1433 689 1479 a
704 1407 870 1480 conviciis
887 1433 927 1480 ac
944 1407 1092 1503 probris,
1111 1407 1155 1478 ad
1171 1408 1238 1478 tela

264 1532 299 1600 δι
313 1553 436 1601 manus
448 1531 651 1616 tranfibant,
672 1524 806 1623 “injici
823 1547 959 1599 catenas
980 1525 1170 1599 Flaviano'’
1182 1523 1237 1622 ju·

264 1649 333 1721 bet.
382 1649 488 1720 Sensit
514 1646 702 1720 ludibrium
720 1645 832 1734 miles,
859 1644 1084 1744 disjedisque,
1104 1644 1163 1741 qui
1180 1643 1238 1716 tri·

264 1769 370 1840 bunal
395 1768 591 1855 tuebantur,
618 1785 774 1837 extrema
796 1764 847 1837 vis
872 1767 1065 1862 parabatur.
1114 1767 1238 1861 Oppo-

266 1883 332 1957 suit
351 1889 462 1959 srnum
478 1884 669 1973 Antonius,
693 1884 808 1956 strido
830 1882 931 1973 ferro,
963 1890 991 1926 “
1004 1903 1063 1957 aut
1086 1882 1240 1955 militum

265 2010 293 2046 “
312 2004 345 2077 se
363 2004 536 2095 manibus,
563 2025 622 2077 aut
639 2003 705 2077 suis
721 2002 951 2076 moriturum”
976 2002 1174 2075 obtestans:
1200 2018 1240 2073 ut

261 2102 444 2221 ¹quemque
470 2143 607 2213 notum,
635 2122 804 2220 &aliquo
829 2122 967 2194 militari
988 2123 1112 2195 decore
1135 2121 1240 2218 infig-

263 2266 346 2314 nem
364 2239 552 2338 aspexerat,
571 2243 615 2315 ad
639 2241 817 2315 ferendam
834 2267 938 2339 opem
962 2241 1104 2314 nomine
1121 2241 1238 2314 ciens:

264 2384 351 2433 mox
376 2360 556 2434 conversus
579 2363 624 2434 ad
648 2365 743 2460 signa
761 2366 794 2434 ἃ
822 2363 992 2435 bellorum
1009 2364 1093 2434 deos
1119 2368 1145 2403 “
1163 2359 1240 2432 hos-

266 2487 295 2523 “
313 2479 403 2552 tium
420 2479 535 2576 potius
552 2480 759 2554 exercitibus
776 2465 873 2553 illum
886 2479 1051 2570 furorem,
1066 2482 1161 2553 illam
1172 2479 1241 2553 dis·

271 2598 475 2672 “cordiam
506 2597 722 2693 injicerent,''
763 2601 878 2672 orabat
890 2627 901 2685 3
935 2601 1047 2672 donec
1080 2597 1243 2672 fatisceret

266 2716 400 2806 seditio,
421 2721 468 2807 ἃ,
486 2738 642 2791 extremo
652 2717 728 2815 jam
743 2718 814 2807 die,
840 2716 897 2792 sua
913 2717 1056 2815 quisque
1077 2717 1112 2789 in
1127 2737 1242 2790 tento-

267 2836 317 2910 ria
343 2836 588 2910 dilaberentur.
637 2835 814 2909 Profectus
835 2838 958 2910 elidem
980 2838 1080 2908 notre
1105 2837 1241 2908 Flavia-

264 2982 344 3045 nus,
368 2955 479 3029 obviis
497 2954 689 3054 Vespasiani
715 2955 833 3047 literis,
855 2954 1043 3029 discrimini
1060 2975 1242 3053 exemptus

269 3075 327 3148 est.

316 3197 381 3268 Xl.
407 3199 626 3283 Lucrouas,
653 3193 759 3267 veluti
784 3196 864 3267 tabe
884 3193 1034 3284 infectae,
1058 3192 1241 3291 Aponium

270 3314 503 3403 Saturninum,
528 3313 667 3386 Moefici
693 3313 864 3386 exercitus
892 3314 1059 3411 legatum,
1085 3313 1126 3385 eb
1153 3335 1243 3387 atro·

271 3433 343 3506 cilis
361 3431 628 3530 adgrediuntur,
658 3432 755 3528 qubd
771 3457 857 3521 non,
884 3451 922 3503 ut
939 3433 1048 3528 prius,
1073 3434 1191 3506 labore
1210 3437 1245 3506 δε

269 3576 372 3649 opere
396 3549 501 3640 feffae,
530 3549 586 3622 sed
617 3550 734 3623 medio
762 3550 830 3623 diei
855 3549 1066 3637 exarserant3
1097 3551 1244 3648 vulgatis

268 3668 434 3766 epistolis,
464 3695 549 3767 quas
577 3669 777 3742 Saturninus
804 3671 848 3741 ad
875 3669 1057 3742 Vitellium
1083 3669 1245 3766 scripsrsle

208 3886 216 3890 ³
272 3789 486 3861 credebatur.
536 3791 589 3861 Ut
607 3789 691 3860 olim
711 3788 846 3861 virtutis
873 3788 1134 3885 modestiaeque,
1162 3810 1245 3864 tunc

271 3906 491 4005 procacitatis
508 3912 542 3982 δι
561 3907 759 4006 petulantia
773 3927 948 3984 certarnen
965 3928 1051 4000 erat,
1071 3934 1114 3982 ne
1131 3909 1245 3984 minus
