3000 5144
430 472 1052 552 Hmomnuumiv.
1156 496 1229 574 255

260 645 382 722 mttere
405 645 518 720 statim
543 645 698 743 superbiri
726 645 935 744 serocidque,
970 653 1003 722 ἃ
1033 655 1061 690 “
1080 647 1231 744 pretium
1323 632 1327 641 ’

260 772 291 818 5‘
308 763 452 853 itineris,
476 764 699 854 donativum,
719 767 851 861 duplex
868 766 1092 862 stipendium,
1116 764 1234 862 augeri

263 892 292 928 “
307 884 467 981 equitum
490 886 713 972 numerum,''
739 884 899 980 promissa
924 883 1001 957 sane
1028 909 1049 956 a
1077 883 1234 972 Vitellio,

263 1003 502 1100 postulabant3
531 1026 618 1090 non,
643 1022 683 1075 ut
712 1001 986 1098 adsequerentur,
1016 1001 1073 1074 sed
1100 1002 1236 1074 causam

263 1118 434 1195 seditioni.
486 1121 533 1192 Et
567 1121 713 1194 Flaccus
745 1123 856 1193 multa
881 1120 1120 1208 concedendo,
1150 1119 1236 1193 nihil
1333 1110 1337 1117 ’

264 1238 360 1313 aliud
377 1238 546 1327 effecerat,
574 1239 682 1335 quam
705 1257 744 1311 ut
765 1238 874 1311 acrius
895 1237 1133 1334 exposcerent,
1157 1264 1238 1335 quse

264 1355 414 1430 sciebant
442 1376 662 1452 negaturum.
710 1359 833 1451 Spreto
863 1358 1003 1445 Flacco,
1038 1352 1237 1429 inferiorem

264 1473 488 1548 Germaniam
506 1474 673 1569 petivere,
686 1494 724 1546 ut
735 1473 839 1546 Civili
848 1473 1088 1572 jungerentur.
1137 1477 1237 1548 Hor·

264 1591 427 1682 (leonius,
452 1592 616 1666 adhibitis
639 1592 783 1681 tribunis
800 1591 1136 1688 centurionibusque,
1153 1612 1239 1664 con·

266 1708 417 1799 sultavit,
447 1717 474 1752 “
497 1735 583 1782 num
605 1709 810 1807 obsequium
834 1713 1022 1784 abnuentes
1043 1711 1079 1782 vi
1102 1716 1239 1784 coerce·

269 1835 296 1870 “
313 1828 401 1900 ret''
450 1829 558 1916 Mox,
592 1827 688 1901 insit&
718 1828 870 1926 ignavis,
903 1834 936 1930 dr
972 1828 1113 1926 trepidis
1138 1828 1240 1902 mini·

268 1945 358 2034 stris,
378 1970 465 2042 quos
482 1946 665 2043 ambiguus
682 1945 891 2020 auxiliorum
903 1947 1049 2036 animus,
1076 1952 1109 2018 &
1126 1945 1241 2019 subito

267 2065 404 2137 deleslu
420 2062 584 2159 suppletae
602 2064 757 2162 legiones
780 2068 970 2162 angebant,
998 2065 1113 2138 statuit
1129 2065 1239 2139 conti·

190 2242 195 2258 .
270 2208 352 2257 nere
369 2182 457 2254 intra
473 2181 577 2254 castra
594 2183 752 2258 militem.
801 2184 893 2257 Dein
912 2183 1118 2279 paenitentis,
1136 2190 1170 2259 &
1187 2210 1241 2257 ar·

270 2301 456 2400 guentibus
472 2299 564 2396 ipsis,
584 2300 642 2397 qui
659 2298 838 2393 suaserant,
856 2321 1036 2399 tamquam
1051 2301 1241 2392 secuturus,

270 2419 399 2517 scripsit
411 2418 592 2492 Herennio
605 2420 722 2508 Gallo,
742 2419 886 2516 legionis
899 2421 1018 2518 ptimae
1035 2424 1164 2519 legato,
1180 2419 1243 2518 qui

272 2541 430 2612 Bonnam
446 2535 638 2626 obtinebat,
666 2557 705 2609 ut
730 2543 757 2580 “
774 2559 903 2612 arceret
918 2545 1056 2613 transitu
1072 2544 1240 2614 Batavos:

275 2664 302 2700 “
320 2656 353 2730 se
375 2682 457 2729 cum
485 2654 638 2729 exercitu
662 2655 765 2753 tergis
792 2682 912 2729 eorum
933 2657 1146 2732 haesumm.”
1196 2660 1244 2730 Et

273 2774 426 2872 opprimi
444 2793 612 2870 poterant,
626 2776 649 2846 sr
665 2773 746 2846 hinc
759 2774 997 2865 Hordeonius,
1013 2776 1095 2849 inde
1106 2777 1243 2867 Gallus,

274 2894 380 2969 motis
397 2893 570 2988 utrimque
588 2891 712 2989 copiis,
738 2891 871 2965 medios
897 2894 1095 2966 clausissent.
1144 2895 1245 2966 Flac·

275 3039 336 3086 cus
363 3011 476 3085 omisrt
499 3011 692 3107 inceptum,
715 3009 857 3107 aliisque
878 3010 980 3084 literis
998 3013 1140 3085 Gallum
1166 3035 1245 3083 mo·

275 3131 365 3221 nuit,
393 3155 437 3203 ne
448 3150 587 3202 terreret
604 3133 780 3202 abeuntes.
829 3132 936 3202 Unde
951 3128 1108 3226 suspicio,
1126 3129 1247 3226 sponte

277 3252 469 3347 legatorum
487 3248 625 3321 excitari
656 3250 815 3321 bellum:
838 3249 1031 3344 cundaque
1046 3275 1125 3345 quae
1154 3247 1243 3319 acci·

276 3369 411 3454 derant,
436 3388 496 3439 aut
513 3370 767 3454 metuebantur,
791 3392 861 3438 non
889 3367 1005 3439 inertis
1028 3367 1161 3457 militis,
1185 3390 1246 3438 ne·

278 3511 348 3582 que
359 3485 510 3558 hostium
527 3486 576 3573 vi,
589 3483 647 3557 sed
663 3482 784 3557 fraude
796 3486 928 3557 ducum
944 3485 1091 3558 evenire·

325 3605 409 3677 XX.
434 3605 603 3692 Batavi,
626 3603 708 3676 clim
730 3602 842 3675 castris
854 3604 1086 3676 Bonnensibus
1104 3601 1247 3698 propin·

280 3743 442 3818 quarent,
468 3724 663 3818 praemisdre
679 3722 740 3819 qui
766 3722 948 3794 Herennio
967 3724 1070 3794 Gallo
1086 3722 1248 3794 mandata

279 3840 477 3915 cohortium
498 3860 695 3938 exponeret.
745 3841 939 3913 “Nullum
958 3840 1017 3914 srbi
1036 3840 1165 3914 bellurn
1185 3841 1246 3912 ad·
