3000 5144
373 562 1023 644 Hrsronmnunnrnru.
1119 586 1188 658 229

220 736 326 812 Miles
350 736 553 810 Vitellianus
577 736 671 809 trinis
697 741 730 809 δι
756 734 825 833 ipse
849 734 1008 832 praefidiis
1033 733 1190 806 occurrit.

220 856 346 929 Proelia
369 877 449 928 ante
465 858 602 930 Urbem
627 857 750 945 multa,
782 860 815 928 ὃ(
833 853 926 926 varia
934 881 944 938 ;
975 851 1031 925 sed
1054 852 1190 925 Flavia·

219 975 284 1062 nis,
303 973 444 1047 confilio
459 975 591 1046 ducum
610 973 859 1069 praestantibus,
878 970 998 1067 saepius
1016 969 1187 1067 prospera.

221 1092 250 1165 Ii
266 1091 400 1165 tanturn
420 1091 605 1164 conflictati
621 1090 709 1180 sunt,
733 1091 794 1187 qui
818 1091 856 1162 in
880 1111 1011 1186 partem
1029 1089 1192 1162 sinistram

222 1210 328 1282 Urbis
354 1212 397 1282 ad
423 1209 642 1282 Sallustianos
670 1212 801 1299 hortos,
826 1234 885 1306 per
908 1207 1052 1306 angusta
1079 1211 1112 1279 δι
1138 1208 1192 1278 lu·

222 1328 319 1401 brica
355 1329 490 1401 viarum
534 1330 712 1400 flexerant.
774 1329 1005 1424 superstantes
1038 1325 1192 1399 maceriis

124 1540 126 1545 Ι
221 1449 400 1519 hortorum
422 1446 611 1535 Vitelliani,
637 1449 680 1519 ad
701 1445 813 1520 serum
838 1446 945 1544 usque
969 1445 1077 1534 diem,
1104 1445 1192 1517 saxis

223 1564 368 1661 pilisque
389 1565 570 1638 subeuntes
594 1568 775 1638 arcebant:
802 1567 912 1638 donec
935 1567 980 1637 ab
1003 1564 1191 1661 equitibus,

223 1683 281 1778 qui
309 1687 405 1779 porta
433 1684 569 1757 Collina
600 1683 814 1780 inruperant,
851 1684 1188 1758 circumvenirentur.

223 1802 438 1875 Concurrere
453 1804 488 1873 &
503 1802 537 1873 in
551 1828 675 1899 campo
686 1804 817 1877 Martio
833 1801 960 1876 infestae
978 1804 1077 1876 acies.
1125 1805 1193 1875 Pro

222 1919 394 1993 Flavianis
425 1920 576 2011 fortuna,
608 1924 640 1992 a
672 1941 767 2016 parta
788 1919 913 1993 totiens
937 1921 1104 1994 victoria:
1130 1920 1192 1992 Via

224 2038 350 2111 telliani
377 2038 608 2134 desperatione
628 2036 697 2112 sola
724 2042 887 2124 ruebant;
920 2044 953 2112 δι
980 2066 1193 2138 quamquam

226 2159 325 2253 pulsr,
344 2157 455 2230 rursus
472 2157 508 2229 in
522 2160 619 2230 Urbe
636 2161 946 2255 congregabantur.
1041 2214 1044 2219 -

269 2278 478 2351 LXXXIII.
504 2281 671 2349 Auannr
698 2277 934 2374 pugnantibus
949 2277 1114 2374 spectator
1131 2306 1193 2376 po-

226 2397 341 2491 pulus,
369 2415 476 2492 utque
493 2397 529 2467 in
549 2396 683 2468 ludicro
701 2396 897 2485 certamine,
919 2397 996 2486 hos,
1023 2397 1135 2471 rursus
1151 2398 1194 2470 il·

227 2515 277 2587 los
300 2516 450 2587 clamore
477 2519 509 2587 a
538 2514 656 2611 plausu
683 2512 841 2588 fovebat:
868 2515 1025 2611 quotiens
1052 2542 1129 2614 pars
1144 2520 1193 2590 al-

226 2651 298 2706 tera
314 2632 516 2722 inclinaIIet,
545 2633 681 2706 abditos
703 2634 739 2705 in
759 2634 922 2723 tabernis,
950 2656 1023 2723 aut,
1049 2640 1196 2733 srquam

229 2751 266 2823 in
293 2752 439 2825 domum
461 2751 695 2850 perfugerant,
724 2759 751 2795 “
770 2753 841 2825 erui
861 2750 1104 2851 jugularique”
1132 2781 1194 2827 ex-

229 2869 446 2967 postulantes,
462 2891 557 2967 parte
570 2869 697 2966 majore
709 2872 831 2967 praedae
846 2871 1075 2967 potiebantur.
1101 2875 1196 2948 Nam

229 2989 336 3064 milite
357 2989 401 3061 ad
428 2988 627 3086 sanguinem
655 2995 687 3063 &
711 2990 822 3062 caedes
844 2990 1000 3081 obverso,
1029 2991 1136 3087 spolia
1158 2994 1196 3066 in

228 3110 355 3206 vulgus
379 3108 557 3180 cedebant.
614 3110 712 3181 Saeva
737 3135 777 3182 ac
804 3106 969 3184 deformis
1001 3113 1100 3184 Urbe
1124 3117 1196 3187 tota

230 3225 351 3300 facies:
380 3226 460 3299 alibi
485 3226 607 3322 proeIia
624 3230 657 3298 δι
675 3229 834 3313 vulnera;
862 3228 943 3302 alibi
969 3229 1111 3302 balinea
1133 3256 1198 3326 po·

230 3344 412 3442 pinaeque:
442 3348 538 3418 fimul
566 3372 666 3418 cruor
690 3350 725 3418 δε
753 3347 856 3419 strues
876 3373 1057 3443 corporum
1065 3378 1076 3434 ;
1095 3347 1198 3444 juxta

229 3463 349 3555 scotta,
361 3468 394 3536 δι
408 3462 523 3537 scortis
536 3464 657 3537 fimiles
671 3494 679 3536 :
700 3484 868 3561 quantum
886 3465 921 3536 in
939 3467 1111 3540 luxurioso
1124 3467 1198 3542 otio

230 3583 439 3668 libidinum3
460 3582 632 3680 quidquid
649 3584 684 3655 in
702 3583 910 3657 acerbiffirna
922 3584 1118 3679 captivitate
1129 3585 1197 3659 sce-

230 3704 365 3774 lerum:
392 3701 538 3799 prorsus,
571 3724 611 3775 ut
636 3704 793 3775 eamdem
822 3701 995 3774 civitatem
1019 3710 1052 3776 δι
1086 3701 1198 3778 furere

231 3823 398 3911 crederes,
433 3826 466 3895 &
495 3821 657 3895 lascivire.
709 3821 949 3894 Conflixerant
972 3824 1049 3894 ante
1076 3822 1198 3896 armati

229 3942 398 4018 exercitus
414 3942 450 4015 in
467 3944 579 4033 Urbe,
603 3941 655 4016 bis
672 3945 718 4014 L.
736 3942 841 4032 Sulla,
867 3939 968 4015 semel
984 3941 1108 4035 Cinna,
1126 3943 1199 4020 vic·

662 4059 744 4162 Qr
