3000 5144
354 524 421 615 146
542 516 885 591 C.Conuar11
921 515 1127 588 Tncrrr

353 698 488 789 pasiano
503 693 684 781 arcessire,
711 691 747 764 vi
765 688 939 788 praecipuai
954 686 1060 761 Primi
1086 684 1244 759 Antonii.
1294 687 1328 758 Is

352 811 487 909 legibus
504 837 644 899 nocens,
676 816 709 883 ὅ(
738 829 895 904 tempore
912 807 1062 880 Neronis
1089 804 1160 878 falfi
1185 806 1328 878 damna·

353 951 423 1018 tus,
444 930 530 1003 inter
550 929 616 1002 alia
633 928 715 1004 belli
739 929 843 1017 mala,
873 925 1082 999 senatorium
1100 923 1259 997 ordinem
1275 950 1328 998 re·

353 1049 573 1145 ciperaverat.
623 1051 824 1144 Praeposrtus
849 1072 869 1118 a
884 1048 998 1119 Galba
1014 1043 1166 1142 septimae
1183 1043 1328 1142 legioni,

353 1168 548 1265 scriptitasse
571 1166 705 1240 Othoni
728 1167 946 1256 credebatur,
973 1167 1100 1269 ducem
1120 1163 1153 1236 se
1175 1163 1331 1260 partibus

353 1290 526 1373 offerens3
560 1311 581 1359 a
614 1312 686 1384 quo
717 1287 909 1382 neglesius‚
938 1284 975 1356 in
1008 1285 1104 1357 nullo
1138 1281 1329 1354 Othoniani

353 1406 436 1479 belli
454 1405 514 1478 usu
533 1404 622 1479 suit:
654 1404 848 1479 labantibus
865 1402 995 1476 Vitellii
1013 1404 1127 1490 rebus,
1154 1400 1328 1497 Vespasia·

353 1551 438 1597 num
456 1523 602 1613 secutus,
622 1524 750 1620 grande
774 1543 994 1627 momentum
1011 1519 1157 1609 addidit,
1176 1519 1332 1593 strenuus

353 1669 475 1731 manu,
500 1643 654 1715 sermone
679 1662 876 1739 promptus,
904 1640 1052 1714 serendae
1078 1640 1114 1712 in
1130 1639 1214 1713 alios
1238 1639 1331 1712 invi·

354 1763 421 1834 diae
439 1758 576 1853 artifex,
603 1759 778 1834 discordiis
797 1759 1068 1834 &seditionibus
1091 1779 1226 1856 potens,
1251 1784 1330 1854 rap·

356 1901 426 1969 tor,
446 1881 599 1978 largitor,
619 1906 704 1978 pace
721 1883 893 1977 peffimus,
913 1880 1006 1953 bello
1023 1904 1092 1951 non
1109 1876 1332 1974 spernendus.

355 2000 474 2095 Jundi
499 2000 580 2073 inde
598 2003 735 2073 Moefici
757 2025 797 2072 ac
820 1998 1011 2072 Pannonici
1035 1997 1218 2085 exercitus,
1244 1997 1331 2069 Dal·

354 2118 522 2190 maticum
549 2118 696 2191 militem
724 2121 875 2208 traxdre,
901 2142 1117 2216 quamquam
1144 2116 1331 2190 consulari·

356 2239 421 2310 bus
439 2237 561 2334 legatis
578 2237 662 2309 nihil
679 2237 909 2310 turbantibus.
958 2237 1062 2309 Titus
1083 2235 1233 2332 Ampius
1251 2237 1330 2310 Fla·

355 2355 478 2427 vianus
510 2356 741 2445 Pannoniam,
779 2357 965 2453 Pompeius
998 2356 1158 2429 Silvanus
1184 2358 1329 2428 Dalma·

356 2473 441 2546 tiam
459 2477 636 2565 tenebant,
657 2475 778 2548 divites
794 2475 899 2549 senes.
942 2476 1008 2548 Sed
1034 2495 1233 2572 procurator
1249 2476 1330 2546 ade·

354 2612 406 2665 rat
434 2594 614 2667 Cornelius
649 2595 788 2685 Fuscus,
814 2595 937 2693 vigens
970 2614 1083 2684 aetate,
1110 2593 1208 2667 claris
1234 2612 1330 2666 nata·

356 2712 466 2785 libus:
488 2713 600 2808 primfi
609 2712 768 2811 juventa,
787 2714 911 2811 quietis
928 2713 1104 2812 cupidine,
1123 2712 1329 2786 senatorium

356 2821 512 2903 ordinem
538 2853 696 2906 exuerat:
726 2833 819 2906 idem
849 2859 913 2929 pro
937 2835 1051 2906 Galba
1081 2832 1156 2905 dux
1185 2831 1331 2905 coloniae

354 2949 435 3038 suae,
465 2954 575 3046 eique
591 2955 695 3047 operas
719 2952 997 3048 procurationem
1014 2952 1174 3046 adeptus,
1198 2950 1331 3046 suscep-

356 3073 399 3142 tis
436 3069 627 3165 Vespasiani
660 3069 827 3166 partibus,
862 3071 1063 3144 acerrimam
1092 3072 1184 3142 bello
1217 3070 1331 3142 facem

356 3188 527 3286 praetulit3
563 3213 633 3260 non
662 3209 736 3261 tam
769 3188 919 3284 praemiis
950 3190 1194 3285 periculorum,
1222 3189 1330 3286 quim

354 3307 432 3402 ipsis
447 3306 604 3401 periculis
621 3309 734 3380 laettts:
755 3333 818 3403 pro
829 3307 930 3381 certis
943 3313 976 3380 dc
989 3308 1074 3380 olim
1091 3307 1209 3403 partis,
1221 3334 1327 3397 nova,

355 3426 523 3522 ambigua
550 3426 766 3523 &ancipitia
784 3429 946 3500 malebat.
996 3427 1108 3525 Igitur
1130 3452 1270 3499 movere
1295 3431 1329 3500 δι

356 3563 508 3639 quatere,
539 3544 713 3643 quidquid
729 3543 872 3641 usquam
890 3571 1024 3643 aegrum
1042 3547 1139 3635 foret,
1169 3544 1329 3642 adgredi·

358 3683 472 3733 untur.
522 3663 663 3759 Scriptae
690 3662 727 3735 in
754 3663 964 3737 Britanniam
991 3667 1035 3738 ad
1060 3667 1329 3762 quartadecima·

357 3805 433 3869 nos,
452 3780 488 3851 in
515 3781 723 3877 Hispaniam
751 3782 795 3853 ad
826 3782 999 3878 primanos
1027 3764 1203 3880 epistola}
1232 3787 1329 3883 quod

357 3918 500 3995 utraque
517 3901 607 3998 legio
628 3926 692 4000 pro
708 3903 862 3995 Othone,
880 3901 1021 3977 adversa
1038 3902 1177 3980 Vitellio
1194 3902 1325 3981 fuerat:
