3000 5144
259 562 325 631 166
480 558 1045 631 C.Connet11Tnc1r1

257 732 433 803 “molem
457 729 571 802 cieret.
620 732 674 802 Ita
705 727 829 802 salubri
857 730 970 818 mord,
1007 750 1113 798 novas
1140 722 1230 799 vires

260 856 287 891 “
307 846 436 937 adfore,
468 853 500 920 δι
520 847 739 946 praesentibus
758 847 843 921 nihil
861 848 1086 945 periturum.”

306 970 352 1039 ll.
378 972 439 1040 Au
468 992 508 1039 ea
525 966 701 1041 Antonius
716 967 851 1041 Primus
877 967 926 1063 (is
949 964 1131 1039 acerrimus
1148 964 1230 1037 belli

257 1084 464 1179 concitator)
493 1084 795 1158 “festinationem
824 1086 899 1181 ipsrs
927 1083 1061 1171 utilem,
1088 1083 1232 1155 Vitellio

260 1212 288 1247 “
307 1202 507 1276 exitiosam'’
535 1204 713 1277 disseruit:
752 1211 779 1246 “
810 1206 886 1300 plus
914 1201 1091 1291 socordiae,
1125 1203 1235 1298 quam

260 1329 288 1365 “
306 1322 457 1411 fiduciae,
487 1324 653 1396 accessisse
683 1321 894 1394 vicloribus:
934 1345 1049 1418 neque
1077 1318 1233 1394 enimin

259 1449 287 1483 “
306 1441 487 1537 procindlu
514 1446 547 1514 δε
574 1441 688 1515 castris
713 1441 872 1513 habitos:
905 1465 965 1536 per
983 1438 1101 1512 omnia
1123 1436 1232 1510 ltaliae

259 1559 495 1656 “municipia
520 1560 664 1648 desrdes,
698 1561 832 1633 tantbm
858 1557 1046 1655 hospitibus
1074 1577 1231 1631 metuen-

261 1687 287 1722 “
306 1680 395 1751 dos:
429 1678 558 1776 quanto
580 1678 726 1752 ferocius
743 1680 820 1752 ante
836 1676 869 1751 se
886 1677 1030 1776 egerint,
1052 1675 1148 1748 tanti>
1170 1702 1232 1748 cu-

261 1806 290 1841 “
311 1798 422 1895 pidilrs
450 1797 598 1873 insolitas
615 1801 807 1895 voluptates
823 1799 990 1870 haufisle:
1025 1796 1117 1869 circo
1143 1821 1233 1892 quo·

263 1925 289 1959 “
309 1941 392 2013 que,
423 1942 461 1989 ac
479 1917 629 2006 theatris,
657 1923 690 1991 dr
709 1918 907 1991 amoenitate
923 1915 1031 1989 Urbis
1048 1914 1234 2005 emollitos,

263 2042 290 2078 “
309 2057 368 2108 aut
383 2036 639 2109 valetudinibus
655 2034 766 2109 fessos.
815 2038 881 2109 Sed
898 2035 1017 2109 addito
1035 2032 1155 2131 spatio,
1182 2059 1235 2109 re·
1342 2080 1344 2084 >

260 2162 287 2199 “
305 2154 459 2226 diturum
476 2158 508 2227 δι
527 2154 580 2228 his
596 2157 700 2229 robur
714 2155 935 2228 meditatione
949 2153 1032 2227 belli
1049 2182 1057 2224 :
1078 2178 1141 2226 nec
1154 2180 1234 2251 pro.

262 2283 288 2317 “
307 2276 365 2347 cul
382 2273 621 2363 Germaniam,
651 2275 744 2349 unde
772 2275 887 2347 vires:
924 2272 1129 2346 Britanniam
1145 2270 1237 2347 freto

262 2399 290 2437 “
308 2391 447 2466 dirimi:
468 2390 572 2487 juxti:
588 2393 732 2482 Gallias,
750 2392 1027 2491 Hispaniasque:
1059 2391 1237 2489 utrimque

262 2519 289 2553 “
307 2511 412 2599 viros,
430 2537 551 2609 equos,
569 2512 721 2585 tributa:
740 2511 917 2610 ipsamque
933 2512 1084 2601 Italiam,
1103 2515 1136 2585 δι
1154 2536 1239 2609 opes

263 2638 290 2673 ‘⁶
309 2630 444 2704 Urbis:
482 2656 522 2704 ac
552 2635 574 2704 sr
602 2631 725 2704 inferre
751 2657 849 2740 arma
876 2630 966 2704 ultro
994 2630 1115 2724 velint,
1149 2632 1238 2704 duas

262 2758 290 2795 ‘⁴
308 2752 438 2838 classes,
464 2775 686 2848 vacuumque
703 2750 879 2845 Illyricum
896 2776 1000 2823 mare.
1041 2750 1136 2847 Qrid
1155 2769 1234 2824 tum

261 2876 290 2914 “
309 2870 453 2943 claustra
469 2869 643 2942 montium
676 2869 882 2966 profutura?
911 2870 997 2967 quid
1020 2871 1169 2942 tradum
1200 2869 1237 2943 in

261 2997 288 3031 “
307 2990 455 3062 aeslatem
468 2988 571 3062 aliam
590 2991 750 3062 bellum?
770 2991 863 3062 unde
879 2989 1018 3062 interim
1035 2988 1235 3086 pecuniam,

263 3117 291 3152 “
309 3115 342 3187 ὃ(
361 3113 602 3182 commeatus?
629 3107 727 3201 Qrin
746 3109 861 3203 potius
883 3134 925 3180 eo
952 3107 1025 3204 ipso
1048 3129 1238 3198 uterentur,

263 3236 289 3271 “
310 3227 406 3325 quod
420 3227 627 3301 Pannonicae
645 3227 797 3324 legiones
814 3230 968 3325 deeeptae
987 3228 1111 3326 magis,
1130 3228 1239 3324 quam

263 3354 290 3389 “
309 3346 421 3434 viciae,
445 3345 667 3445 resurgerem
685 3347 850 3420 ultionem
868 3368 1076 3445 properent:
1097 3344 1239 3419 Moesrci

265 3472 291 3509 “
310 3465 480 3539 exercitus
499 3465 647 3563 integras
666 3466 756 3539 vires
781 3466 965 3539 attulerint.
1014 3466 1048 3537 Si
1073 3491 1241 3539 numerus

263 3592 290 3627 “
310 3585 461 3658 militum
480 3586 607 3680 potius,
635 3586 744 3682 quarn
772 3585 947 3682 legionum
967 3606 1132 3682 putetur:
1160 3587 1241 3682 plus

264 3710 291 3746 “
309 3704 389 3776 hinc
412 3704 557 3794 roboris,
585 3705 671 3777 nihil
688 3703 886 3792 libidinum,
907 3710 940 3777 lle
959 3705 1122 3800 profuisse
1138 3702 1240 3776 disci·

265 3829 292 3864 “
313 3822 416 3917 plina:
435 3820 543 3917 ipsum
562 3825 746 3919 pudorem.
799 3823 944 3919 Equites
967 3825 1063 3913 veri),
1093 3850 1137 3896 ne
1161 3844 1241 3898 tum

267 3947 293 3983 “
314 3940 458 4036 quidem
474 3941 606 4029 vidos:
632 3941 702 4028 sed,
725 3967 940 4039 quamquam
954 3946 1055 4017 rebus
1075 3945 1239 4033 adversrs,
