3000 5144
412 553 1030 632 Hrsroarnaoqua.lll.
1129 579 1194 631 211

227 724 255 763 “
273 719 396 795 toriam
423 723 569 797 consiliis
596 726 630 795 δι
658 723 788 797 ratione
804 724 933 820 perfici.
981 725 1064 818 Jam
1090 722 1199 797 Mise-

228 846 255 881 “
274 839 413 915 nensem
447 844 598 931 claffem,
633 848 666 916 δι
701 843 968 938 pulcherrimam
998 842 1199 939 Campania·

228 964 256 999 “
274 984 373 1031 oram
389 956 588 1032 desciviffe:
617 986 679 1033 nec
698 962 809 1058 pluse
833 981 905 1032 toto
929 979 1097 1033 terrarum
1113 963 1200 1046 orbe

227 1084 253 1122 “
269 1078 442 1175 reliquum
459 1078 612 1167 Vitellio,
637 1079 743 1174 quam
760 1080 856 1177 quod
873 1078 959 1150 inter
975 1078 1198 1151 Tarracinam

228 1195 513 1293 “Narniamque
533 1195 655 1293 jaceat.
705 1198 791 1270 Satis
816 1197 933 1294 gloriae
962 1196 1087 1293 proelio
1115 1198 1198 1270 Cre·

230 1320 258 1354 “
277 1318 432 1386 monensi
451 1335 603 1410 partum,
631 1320 664 1388 δι
693 1316 799 1389 exitio
822 1318 1020 1402 Cremonae,
1050 1314 1200 1388 nimium

228 1439 255 1473 ‘⁴
275 1431 440 1506 invidiae:
471 1459 514 1507 ne
531 1432 807 1531 concupiscerent
828 1439 982 1509 Romam
998 1458 1120 1529 capere
1136 1459 1202 1530 po-

229 1559 257 1594 “
275 1551 356 1640 tiirs,
390 1553 498 1649 quam
530 1551 680 1625 servare:
722 1553 853 1649 majora
880 1553 945 1626 illis
977 1551 1131 1649 praemia,
1166 1556 1201 1626 δι

229 1676 255 1712 “
277 1668 387 1743 multd
412 1671 607 1745 maximum
623 1674 744 1761 decus,
770 1671 1085 1747 srincolumitatem
1107 1668 1201 1744 sena·

231 1795 258 1832 “
276 1789 326 1861 tui
358 1792 560 1886 populoque
591 1794 757 1864 Romano
779 1794 848 1863 fine
875 1788 1039 1888 sanguine
1066 1786 1200 1888 quaesas·
1295 1815 1299 1823 ¹

232 1915 259 1950 “
277 1907 386 1979 sent.''

276 2029 377 2100 LXI.
404 2027 482 2099 Hrs
501 2052 540 2099 ac
557 2025 683 2100 talibus
700 2026 848 2125 mitigati
866 2026 984 2100 animi.
1019 2029 1098 2100 Nec
1111 2027 1201 2100 mul·
1220 2114 1224 2121 ι

227 2146 266 2218 td
285 2145 361 2242 post
378 2145 531 2242 legiones
548 2147 683 2217 vendre.
734 2148 780 2218 Et
797 2165 926 2219 terrore
941 2144 1103 2243 famaque
1119 2169 1202 2218 auc·

228 2267 254 2338 ti
283 2265 465 2355 exercitiis,
495 2263 687 2337 Vitellianae
713 2266 868 2338 cohortes
897 2267 1077 2354 nutabant,
1103 2266 1202 2338 nullo

229 2385 266 2457 in
285 2386 417 2458 bellum
434 2384 650 2473 adhortante,
681 2383 797 2456 multis
815 2385 859 2457 ad
876 2384 1120 2472 transitionem,
1140 2383 1203 2482 qui

229 2503 303 2576 suas
327 2502 498 2575 centurias
525 2501 722 2600 turmasque
737 2504 884 2592 tradere,
914 2503 1049 2576 donum
1065 2501 1203 2590 vidori,

231 2621 344 2696 &fibi
371 2621 407 2692 in
423 2621 598 2718 posterum
626 2621 785 2718 gratiam,
814 2624 1003 2695 certabant.
1053 2623 1119 2692 Per
1144 2644 1204 2693 eoa

230 2739 412 2838 cognitum
424 2741 485 2843 est,
505 2745 532 2782 “
548 2742 781 2813 interamnam
794 2740 960 2837 proximis
974 2739 1105 2835 campis
1120 2765 1204 2835 prae·

232 2869 259 2901 “
278 2860 362 2932 srdio
378 2858 710 2956 quadringentorum
727 2859 883 2956 equitum
896 2859 1037 2930 teneri.”
1077 2858 1206 2930 Miffus

233 2979 411 3074 extemplo
444 2979 569 3068 Varus,
607 3004 691 3050 cum
717 2978 879 3075 expedita
910 3004 1031 3064 manu,
1078 3002 1204 3072 paucos

231 3096 501 3194 repugnantium
534 3093 742 3192 interfecit:
798 3098 925 3194 plures,
971 3094 1111 3192 abjectis
1151 3120 1204 3167 ar·

232 3217 311 3306 mis,
343 3215 480 3288 veniam
512 3217 692 3311 petivere:
722 3216 866 3313 quidam
890 3216 927 3287 in
951 3215 1060 3288 castra
1077 3213 1206 3312 refugi,

232 3337 357 3409 euntia
382 3333 568 3409 formidine
594 3316 800 3432 implebant,
834 3334 996 3432 augendo
1011 3336 1206 3407 rumoribus

232 3456 394 3527 virtutem
418 3453 602 3552 copiasque
635 3455 799 3544 hostium,
829 3452 900 3550 qud
928 3452 1036 3525 amiffi
1064 3453 1207 3549 praesrdii

232 3574 383 3646 dedecus
400 3572 559 3645 lenirent.
608 3576 687 3647 Nec
715 3575 788 3646 ulla
814 3574 908 3669 apud
924 3571 1124 3645 Vitellianos
1144 3575 1206 3645 fla·

234 3693 307 3790 gitii
325 3718 452 3790 poena3
471 3695 505 3763 δι
519 3693 665 3788 praemiis
680 3690 909 3780 defectorum,
934 3715 1016 3763 vera
1033 3691 1141 3774 fides3
1166 3715 1208 3764 ac

234 3812 408 3909 reliquum
442 3811 595 3906 perfidiae
628 3830 828 3884 certamen:
870 3813 988 3884 crebra
1019 3806 1208 3906 transfugia

234 3930 454 4004 tribunorum
467 3929 779 4026 centurionumque
793 3958 805 4016 ;
822 3953 902 4003 nam
920 3926 1095 4028 gregarius
1112 3927 1210 4001 miles

697 4051 724 4120 P
751 4073 771 4119 2
