3000 5144
439 560 843 635 Hrsronrnnunr
877 562 988 633 Lru.
1020 561 1049 633 Ι.
1184 583 1228 657 37

262 726 423 817 cohortis,
441 755 462 802 a
477 730 591 803 Galba
607 730 766 804 custodiae
787 729 916 802 Pisonis
939 728 1091 817 additus,
1114 727 1230 802 [histo

262 845 429 943 pugione,
447 871 625 920 occurrens
642 848 792 937 armatis,
822 853 855 921 ἃ
877 845 985 920 scelus
1003 849 1229 942 exprobrans,

262 987 302 1034 ac
319 963 428 1035 modi>
450 991 571 1055 manu,
596 964 703 1038 modo
728 991 828 1054 voce,
858 967 1024 1038 vertendo
1045 965 1080 1036 in
1100 963 1132 1036 se
1153 989 1228 1060 per·

261 1083 424 1171 cussores‚
459 1107 674 1179 quamquam
708 1084 885 1155 vulnerato
915 1082 1030 1155 Pisoni
1062 1083 1233 1180 effugium

260 1199 370 1271 dedit.
419 1200 497 1273 Piso
514 1201 550 1272 in
567 1203 681 1274 aedem
696 1190 808 1274 Vestae
826 1203 983 1297 pervasrt,
1001 1198 1231 1296 exceptusque

263 1317 495 1391 misericordi&
511 1319 644 1415 publici
660 1317 760 1407 servi,
785 1324 817 1391 δι
837 1318 1064 1392 contubernio
1081 1316 1152 1414 ejus
1169 1321 1230 1391 ab·

263 1435 369 1524 ditus,
396 1461 466 1507 non
494 1437 672 1535 religione,
699 1463 761 1509 nec
790 1436 1006 1525 caerimoniis,
1027 1434 1084 1508 sed
1105 1437 1233 1508 latebrb

263 1552 449 1625 imminens
463 1553 609 1627 exitium
625 1555 818 1628 differebat:
840 1556 921 1627 clim
934 1555 1115 1643 advenere,
1130 1552 1233 1626 millu

241 1671 424 1760 Othonis,
443 1671 649 1745 nominatim
666 1673 702 1743 in
721 1674 853 1744 caedem
870 1670 939 1769 ejus
964 1673 1133 1762 ardentes,
1154 1673 1230 1744 Sul-

262 1789 372 1886 picius
392 1791 527 1880 Florus,
557 1817 580 1893 e
603 1790 803 1863 Britannicis
828 1790 1041 1878 cohortibus,
1071 1815 1181 1886 nuper
1211 1815 1233 1862 a

263 1909 376 1980 Galbl
396 1909 533 1982 civitate
550 1910 708 1996 donatus,
733 1913 767 1981 ὅτ
784 1909 907 1980 Statius
924 1912 1087 1996 Murcus,
1112 1907 1233 2005 specu·

263 2027 373 2115 lator:
404 2053 425 2099 a
453 2026 578 2123 quibus
607 2029 799 2122 protraslus
823 2026 912 2116 Piso,
936 2026 1123 2109 lusoribus
1146 2048 1233 2099 tem·

261 2143 310 2241 pli
335 2144 533 2221 trucidatur.

311 2265 447 2336 XLIV.
472 2265 653 2337 Nuurnru
682 2266 813 2337 caedem
838 2266 934 2336 Otho
960 2262 1087 2359 majore
1116 2264 1233 2339 laetitia

263 2381 445 2478 excepisse,
468 2382 604 2457 nullum
630 2401 733 2477 caput
761 2401 832 2453 tam
857 2380 1100 2456 insatiabilibus
1125 2383 1233 2456 oculis

261 2499 472 2595 perlustrasse
488 2499 630 2572 dicitur:
656 2499 712 2571 seu
734 2519 810 2572 tum
836 2499 988 2595 primlrm
1005 2502 1116 2576 levata
1133 2501 1231 2575 omni

260 2615 488 2691 sollicitudine
504 2642 616 2706 mens,
630 2643 750 2690 vacare
762 2617 890 2714 gaudio
906 2638 1078 2714 coeperat:
1104 2619 1159 2694 seu
1181 2646 1232 2693 re·

265 2736 418 2809 cordatio
434 2734 616 2832 majestatis
628 2736 664 2807 in
682 2737 808 2825 Galba,
826 2736 985 2809 amicitiae
1000 2737 1037 2810 in
1053 2740 1099 2810 T.
1113 2739 1231 2830 Vinio,

264 2855 423 2953 quamvis
452 2854 623 2927 immitem
644 2853 800 2926 animum
827 2853 980 2951 imagine
1002 2856 1085 2929 tristi
1109 2857 1231 2930 confu-

262 2977 367 3051 derat.
418 2972 560 3061 Pisonis‚
584 2993 623 3044 ut
644 2971 775 3044 inimici
797 2976 830 3043 δε
848 2974 977 3064 aemuli,
1001 2976 1097 3046 caede
1110 2974 1231 3064 laetari,

260 3090 318 3190 jus
338 3090 454 3188 sasque
472 3092 644 3162 credebat.
694 3092 840 3162 Praefixa
857 3091 967 3162 contis
986 3094 1098 3187 capita
1121 3093 1231 3188 gesta-

264 3214 401 3299 bantur,
425 3210 513 3281 inter
532 3211 624 3306 figna
642 3209 851 3297 cohortium,
871 3208 975 3304 juxta
997 3209 1165 3306 Aquilam
1184 3210 1232 3281 le-

267 3328 390 3426 gionis,
409 3325 565 3407 certatim
582 3326 828 3400 ostentantibus
844 3347 998 3399 cruentas
1013 3352 1148 3413 manus,
1173 3327 1234 3423 qui

264 3447 473 3534 occiderant,
501 3444 562 3541 qui
586 3444 816 3533 interfuerant,
843 3445 904 3541 qui
930 3446 1024 3535 vere,
1048 3445 1108 3541 qui
1133 3444 1233 3536 salsi),

263 3584 301 3636 ut
334 3565 520 3660 pulchrum
553 3568 587 3636 &
622 3564 851 3636 memorabile
879 3563 1021 3652 facinus,
1045 3561 1234 3658 jactabant.

266 3684 385 3754 Plures
412 3684 518 3778 quim
553 3701 692 3756 centum
721 3686 754 3752 δι
784 3681 908 3778 viginti
934 3682 1069 3753 libellos
1096 3682 1236 3776 praemia

267 3798 541 3895 exposcentium,
567 3803 614 3873 ob
630 3800 782 3895 aliquam
799 3800 989 3871 notabilem
1003 3801 1060 3872 illa
1077 3798 1133 3871 die
1149 3825 1234 3896 ope-

267 3940 355 4010 tam,
405 3917 563 3991 Vitellius
591 3917 708 4018 postea
742 3916 896 3991 invenit:
933 3917 1118 4019 omnesque
1151 3946 1234 4002 con.

722 4037 803 4131 Da
