3000 5144
376 536 964 616 HrsronrnnnntLrn.I.
1111 543 1152 613 61

190 711 242 782 fitr
290 711 417 807 Legati
450 713 542 808 apud
568 710 748 783 Vitellium
778 717 979 802 remanssrc,
1015 734 1158 809 promp⁴

188 829 271 918 tius,
305 830 413 927 quam
430 851 486 932 ut
518 828 638 901 retenti
668 829 877 902 viderentur.
944 831 1157 919 Praetoriani,

189 972 292 1042 quos,
324 971 385 1043 per
409 947 658 1020 simulationem
686 947 804 1036 officii,
834 949 954 1046 legatis
977 952 1072 1021 Otho
1097 951 1159 1020 ad·

182 1062 362 1162 junxerat,
392 1065 529 1155 remiffi,
553 1086 739 1161 antequam
764 1067 956 1163 legionibus
981 1067 1159 1139 misceren-

188 1204 257 1257 tur.
323 1183 471 1257 Addidit
498 1183 656 1279 epistolas
685 1184 813 1256 Fabius
845 1187 986 1274 Valens,
1019 1186 1159 1258 nomine

188 1302 389 1375 Germanici
419 1303 599 1390 exercitus,
645 1302 689 1373 ad
723 1302 897 1398 praetorias
936 1308 968 1375 δι
1000 1306 1161 1376 Urbanas

190 1422 364 1508 cohortes,
410 1422 455 1493 de
501 1413 629 1493 viribus
670 1419 818 1515 partium
860 1421 1074 1518 magnificas,
1125 1427 1161 1496 ὅτ

189 1539 409 1612 concordiam
430 1540 620 1611 offerentes.
672 1541 875 1633 Increpabat
892 1542 996 1628 ultro,
1024 1549 1051 1583 ‘⁴
1066 1542 1163 1638 quod

190 1664 219 1701 “
238 1656 335 1730 tanto
376 1659 453 1730 ante
494 1658 655 1729 traditum
700 1658 842 1730 Vitellio
888 1658 1074 1755 imperium
1113 1661 1160 1732 ad

194 1779 418 1850 “Othonem
447 1776 656 1848 vertiffent.”
704 1778 756 1847 Ita
780 1776 947 1872 promissis
977 1781 1089 1867 simul,
1121 1806 1162 1853 ac

190 1895 292 1969 minis
324 1898 557 1978 tentabantur3
591 1902 618 1936 “
635 1914 672 1966 ut
705 1896 797 1966 bello
830 1895 989 1990 impares,
1016 1897 1051 1968 in
1077 1923 1162 1993 pace

191 2023 220 2058 “
238 2014 323 2088 nihil
348 2013 498 2086 amissuri
513 2015 548 2084 :''
575 2037 688 2110 neque
704 2012 785 2085 ideo
810 2013 1094 2109 praetorianorum
1119 2018 1159 2087 si.

190 2135 251 2207 des
274 2153 415 2206 mutata.

237 2253 392 2325 LXXV.
417 2253 492 2323 San
510 2249 715 2324 infidiatores
732 2253 777 2324 ab
799 2255 940 2325 Othone
961 2252 996 2324 in
1014 2255 1160 2327 Germa-

190 2369 300 2459 niam,
324 2369 501 2443 aVitellio
529 2369 564 2440 in
582 2373 718 2442 Urbem
739 2368 848 2441 missi:
875 2369 1021 2467 utrisque
1044 2370 1162 2445 frustra

189 2489 278 2574 fuit;
314 2489 502 2562 Vitellianis
531 2488 687 2585 impune,
728 2513 787 2584 per
818 2508 948 2561 tantam
975 2490 1162 2564 hominum

189 2608 460 2697 multitudinem,
475 2610 594 2681 mutual
613 2606 804 2704 ignorantia
816 2606 1011 2680 fallentibus
1026 2637 1033 2678 :
1049 2611 1160 2681 Otho·

189 2725 297 2815 niani,
322 2726 476 2799 novitate
501 2727 630 2813 vulths,
660 2724 822 2797 omnibus
847 2724 996 2797 invicem
1018 2726 1161 2824 ignaris,

190 2846 434 2943 prodebantur.
484 2844 644 2917 Vitellius
669 2843 780 2914 literas
808 2844 852 2913 ad
869 2842 1064 2931 Titianum,
1091 2843 1159 2917 sra-

189 2983 280 3037 trem
302 2963 463 3051 Othonis,
492 2961 697 3057 composuit,
728 2960 912 3032 “exitium
935 2960 994 3056 ipsi
1019 2962 1162 3058 filioque

192 3090 221 3125 “
239 3080 335 3179 ejus’'
359 3081 535 3169 minitans,
571 3079 651 3150 “ni
681 3079 870 3151 incolumes
899 3080 959 3151 fibi
988 3101 1093 3152 mater
1120 3108 1161 3154 ac

191 3209 220 3246 “
239 3200 338 3274 liberi
365 3197 609 3271 servarentur.'’
661 3201 706 3268 Et
734 3197 822 3268 stetit
843 3199 969 3270 domus
987 3218 1157 3294 utraque:

190 3319 252 3394 sub
269 3322 422 3406 Othone,
450 3318 620 3389 incertum
644 3342 688 3387 an
706 3335 823 3400 metu;
854 3316 1013 3389 Vitellius
1037 3316 1159 3407 victor,

194 3437 383 3511 clementiae
395 3436 542 3535 gloriam
554 3435 642 3507 tulit.

238 3558 409 3629 LXXVI.
435 3557 588 3625 Pnnuus
609 3551 741 3625 Othoni
774 3551 940 3624 fiduciam
961 3554 1094 3627 addidit
1117 3581 1161 3629 ex

190 3674 328 3769 Illyrico
341 3673 495 3760 nuntius,
512 3670 633 3766 jurasse
650 3670 684 3741 in
701 3696 781 3742 eum
799 3671 996 3760 Dalmatiae,
1015 3699 1054 3746 ac
1070 3677 1159 3748 Pan·

191 3792 319 3881 noniae,
348 3796 381 3865 δι
409 3795 544 3863 Moefiae
575 3790 737 3886 legiones.
787 3790 886 3862 Idem
919 3815 963 3862 ex
992 3791 1160 3888 Hispanis

190 3912 359 3986 adlatum:
383 3907 604 4006 laudatusque
621 3934 682 4004 per
699 3908 850 3981 edistum
863 3909 1007 3984 Cluvius
1025 3909 1157 3988 Rufus:
