3000 5144
391 533 637 606 Dracocrrs
676 556 732 604 nr.
769 535 1091 608 Onaronrnos.
1190 556 1232 633 31

260 721 424 799 apparatu
447 701 517 800 ejus
534 705 579 793 ,ὅτ
595 730 732 794 aurum,
750 704 788 775 δι
811 730 973 802 gemmae,
991 725 1028 778 ut
1044 705 1175 777 sumere
1200 704 1238 776 in

262 847 398 910 manus,
428 822 465 892 &
495 822 642 919 aspicere
667 823 788 919 saepilrs
814 825 935 896 liceat:
968 825 1130 921 quaedam
1155 820 1239 896 verb

262 943 383 1036 procul
398 962 588 1031 arceantur,
608 962 645 1015 ut
657 939 730 1037 jam
744 943 921 1015 obliterata
937 943 974 1012 &
991 943 1140 1015 olentia:
1162 942 1239 1014 nul·

261 1060 336 1131 lum
354 1063 392 1132 srt
409 1061 554 1134 verbum
571 1063 666 1134 velut
685 1061 843 1157 rubigine
861 1059 1040 1149 insedlum,
1060 1061 1146 1133 nulli
1165 1060 1239 1133 sen·

260 1176 314 1252 sus
337 1180 434 1251 tardrl
451 1186 485 1253 δι
508 1180 606 1252 inerti
624 1180 802 1268 strudurd,
821 1180 856 1252 in
879 1206 1014 1253 morem
1031 1180 1238 1270 Annalium,

262 1321 539 1395 componantur:
564 1298 674 1396 fugiat
700 1298 832 1372 soedam
858 1303 891 1371 ὃ(
918 1298 1075 1371 insulsam
1097 1298 1241 1372 scurrili·

261 1435 383 1506 tatem,
414 1418 521 1490 variet
551 1419 857 1514 compositionem,
883 1443 948 1492 nec
972 1443 1093 1492 omnes
1110 1417 1242 1492 clausu·

263 1539 312 1610 las
331 1564 403 1611 uno
420 1542 453 1610 &
470 1539 594 1610 eodem
613 1539 720 1609 modo
737 1537 909 1610 terminet.

309 1661 446 1732 XXlll.
459 1660 574 1731 Nouo
588 1658 734 1729 inridere
750 1670 846 1728 rotam
854 1659 1005 1746 frrtrmae,
1022 1659 1122 1754 &jus
1134 1656 1241 1728 Verri·

262 1801 347 1866 num,
368 1777 506 1851 &illud
529 1776 631 1848 tertio
655 1799 797 1873 quoque
813 1775 906 1848 sensu
927 1775 961 1848 in
983 1776 1146 1849 omnibus
1163 1800 1241 1848 ora·

261 1895 413 1968 tionibus
431 1922 493 1993 pro
506 1894 670 1968 sententia
689 1897 853 1990 positum,
872 1896 1095 1987 rffivideatur.
1145 1897 1243 1968 Nam

263 2019 297 2087 δι
316 2017 384 2088 hoc
409 2015 535 2087 invitus
558 2013 671 2102 retuli,
702 2017 735 2085 ὃ(
765 2015 862 2109 plura
886 2013 997 2101 omifi,
1022 2040 1099 2109 quae
1124 2034 1242 2086 tamen

260 2133 330 2207 sola
347 2135 512 2206 mirantur
530 2153 636 2230 atque
653 2131 852 2229 exprimunt
876 2132 927 2221 hi,
954 2132 1015 2228 qui
1033 2133 1066 2205 se
1082 2134 1243 2230 antiquos

264 2274 416 2326 oratores
433 2272 584 2327 vocant:
617 2252 794 2325 neminem
813 2251 1019 2341 nominabo,
1046 2277 1154 2350 genus
1177 2254 1242 2325 ho-

261 2373 402 2446 minum
422 2375 564 2470 fignasse
588 2391 796 2444 contentus:
827 2371 884 2445 sed
901 2370 1001 2444 vobis
1028 2371 1149 2468 utique
1165 2396 1243 2444 ver·

263 2489 377 2565 santur
392 2511 472 2564 ante
488 2492 620 2579 oculos,
645 2491 705 2587 qui
731 2491 908 2564 Lucilium
927 2516 991 2587 pro
1015 2490 1178 2580 Horatio,
1206 2494 1241 2562 ὅτ

266 2610 474 2682 Lucretium
491 2636 553 2706 pro
571 2609 717 2707 Virgilio
734 2612 873 2706 legunt:
901 2609 1029 2705 quibus
1045 2609 1245 2706 eloquentia

265 2728 314 2800 tui
333 2729 467 2801 Aufidii
483 2731 582 2818 Bassi,
596 2749 654 2801 aut
670 2727 800 2800 Servilii
817 2725 986 2816 Noniani,
1002 2752 1046 2798 ex
1064 2752 1242 2823 compara·

265 2846 359 2920 tione
381 2846 527 2921 Sisennae
553 2869 612 2920 aut
636 2845 797 2919 Varronis
816 2845 950 2918 sordet:
982 2845 1043 2942 qui
1066 2848 1243 2921 rhetorum

265 2966 457 3040 nostrorum
476 2965 742 3039 commentarios
758 2963 946 3053 fastidiunt,
962 2965 1124 3054 oderunt,
1142 2965 1244 3038 Calvi

265 3088 456 3160 mirantur:
483 3111 571 3183 quos
595 3109 694 3159 more
720 3083 828 3182 prisco
853 3084 945 3180 apud
964 3080 1120 3179 judicem
1143 3083 1243 3157 fabu-

266 3209 388 3296 lantes,
417 3232 488 3278 non
511 3206 684 3278 auditores
702 3205 901 3303 sequuntur,
928 3229 998 3276 non
1018 3205 1166 3299 populus
1182 3229 1244 3276 au·

264 3326 331 3414 dit,
350 3326 411 3397 vix
428 3325 578 3422 denique
596 3324 747 3421 litigator
763 3323 967 3420 perpetitur:
988 3322 1075 3395 adeb
1088 3323 1195 3396 maesti
1209 3328 1244 3396 δε
1354 3366 1360 3375 -

266 3445 404 3533 inculti,
435 3445 529 3516 illam
548 3442 655 3540 ipsam
675 3469 781 3539 quam
797 3441 927 3540 jadlant
952 3441 1144 3530 sanitatem,
1173 3468 1244 3514 non

268 3564 441 3652 firmitate,
463 3562 519 3635 sed
541 3561 687 3659 jejunio,
706 3559 975 3658 consequuntur.
1024 3559 1131 3632 Porri>
1149 3586 1191 3634 ne
1207 3561 1244 3632 in

268 3708 413 3779 corpore
424 3683 569 3779 quidem
586 3680 822 3754 valetudinem
840 3679 964 3752 medici
984 3682 1145 3775 probant,
1163 3705 1243 3776 quae

268 3801 375 3874 animi
397 3802 568 3874 anxietate
592 3798 779 3895 contingit,
809 3824 935 3895 parum
955 3798 1005 3870 est
1020 3822 1152 3894 aegrum
1171 3823 1243 3871 non

271 3921 352 4011 esse,
381 3919 521 4012 sortem,
551 3923 584 3993 δι
610 3919 745 4008 latum,
775 3921 807 3991 &
833 3919 984 3991 alacrem
999 3919 1104 3990 volo:
1135 3918 1244 4016 prope
