3000 5144
438 589 827 664 I-Irsronranvu
863 588 971 661 Lrn.
1014 585 1062 660 ΙΙ.
1168 612 1230 688 ¹51

264 766 415 841 vaserant
448 769 586 859 domos,
619 773 751 861 hortos,
784 770 936 870 opesque
966 770 1122 868 imperii:
1153 771 1237 844 curn

264 886 388 960 flebilis
406 890 561 986 &egens
585 890 754 963 nobilium
777 894 893 979 turba,
919 915 1006 987 quos
1033 888 1121 986 ipsos
1148 889 1234 962 libe-

263 1005 387 1103 rosque
420 1008 537 1102 patriae
565 1010 679 1081 Galba
706 1010 913 1098 reddiderat,
942 1009 1036 1080 nulla
1066 1008 1237 1105 Principis

264 1122 493 1198 misericordia
519 1127 728 1223 juvarentur.
778 1131 923 1201 Gratum
953 1126 1161 1223 primoribus
1186 1127 1235 1200 ci·

264 1240 392 1332 vitatis,
420 1244 525 1318 etiam
543 1247 659 1342 plebes
675 1246 896 1343 adprobavit,
923 1245 1020 1343 quod
1038 1248 1176 1317 reversis
1191 1247 1236 1318 ab

263 1361 380 1433 exsilio
400 1360 477 1458 jura
499 1364 701 1438 libertorum
722 1367 950 1438 conceffiffet:
970 1388 1183 1460 quamquam
1200 1363 1237 1436 id

215 1485 216 1488 ’
263 1480 360 1551 omni
385 1484 492 1554 modo
511 1481 644 1555 servilia
659 1483 798 1580 ingenia
812 1485 1094 1578 corrumpebant,
1111 1480 1237 1554 abditis

263 1599 417 1693 pecuniis
429 1628 490 1698 per
502 1603 667 1691 occultos,
687 1620 745 1673 aut
758 1599 954 1674 ambitiosos
972 1604 1084 1674 finus:
1104 1605 1137 1674 δι
1156 1600 1234 1698 qui·

262 1717 344 1790 dam
361 1718 398 1791 in
415 1722 562 1794 domum
575 1720 715 1794 Caesaris
732 1720 935 1819 transgreffi,
953 1739 1056 1818 atque
1073 1719 1151 1817 ipsrs
1167 1721 1233 1794 do·

263 1837 364 1909 minis
379 1840 598 1933 potentiores.

309 1957 443 2029 XCIII.
468 1959 542 2030 San
566 1958 678 2047 miles,
700 1960 808 2054 plenis
824 1958 949 2048 castris,
969 1964 1003 2032 δε
1020 1960 1234 2033 redundante

262 2075 497 2166 multitudine,
528 2076 564 2148 in
592 2076 796 2173 porticibus,
819 2097 878 2151 aut
901 2078 1065 2166 delubris,
1084 2083 1118 2152 δι
1135 2080 1237 2152 Urbe

249 2196 334 2266 ‘tota
349 2219 472 2292 vagus,
497 2221 569 2268 non
587 2195 756 2292 principia
772 2196 921 2286 noscere,
944 2222 1015 2268 non
1035 2195 1165 2270 servare
1182 2197 1233 2270 vi·

262 2312 371 2409 gilius,
400 2338 514 2410 neque
539 2316 655 2387 labore
684 2315 829 2388 firmari:
861 2319 921 2412 p‘er
949 2314 1137 2388 inlecebras
1160 2318 1233 2390 Ur·

262 2431 327 2520 bis,
346 2436 380 2506 δι
398 2431 576 2506 inhonesta
590 2433 701 2522 dictu,
725 2459 848 2530 corpus
869 2434 956 2523 otio,
982 2434 1138 2508 animum
1154 2435 1233 2508 libi·

262 2550 400 2624 dinibus
424 2551 689 2625 imminuebant.
738 2553 928 2641 Postremd,
951 2578 995 2627 ne
1019 2553 1133 2627 salutis
1155 2554 1233 2651 qui-

195 2720 199 2725 ·
262 2670 343 2742 dem
370 2696 475 2743 cura:
506 2668 694 2744 infamibus
717 2670 873 2743 Vaticani
897 2671 984 2745 locis
1006 2698 1135 2769 magna
1155 2699 1234 2769 pars

262 2789 423 2876 tetendit3
442 2790 536 2862 unde
553 2792 681 2862 crebrae
698 2788 734 2860 in
750 2790 877 2886 vulgus
895 2810 1033 2862 mortes.
1084 2794 1145 2880 Et,
1171 2793 1234 2865 ad·

256 2906 392 3005 jacente
421 2908 558 2997 Tiberi,
592 2911 846 2982 Germanorum
886 2910 1136 3006 Gallorumque
1168 2914 1233 2984 ob·

263 3027 368 3102 noxia
389 3027 521 3101 morbis
545 3052 692 3123 corpora
715 3027 867 3101 fluminis
893 3027 1051 3117 aviditas,
1075 3034 1108 3101 a<
1133 3028 1235 3103 aestds

263 3146 475 3244 impatientia
498 3145 667 3219 labefecit.
718 3145 857 3243 Insuper
878 3145 1050 3237 confusus,
1069 3148 1235 3244 pravitate

261 3268 317 3340 vel
344 3266 493 3355 ambitu,
521 3267 608 3338 ordo
636 3265 780 3338 militiae.
829 3266 1012 3339 Sexdecim
1045 3267 1230 3363 praetoriae,

263 3404 407 3481 quatuor
429 3387 585 3457 Urbanae
611 3387 767 3457 cohortes
791 3383 1036 3474 scribebantur,
1065 3387 1143 3482 quls
1169 3389 1233 3459 srn·

262 3505 345 3601 gula
372 3503 478 3576 millia
503 3503 658 3575 ineffent.
707 3505 789 3575 Plus
814 3503 850 3574 in
878 3529 921 3575 eo
945 3504 1081 3576 deleclu
1106 3506 1233 3578 Valens

260 3624 421 3712 audebat,
451 3643 633 3718 tamquam
651 3619 762 3718 ipsum
778 3620 953 3694 Caecinam
972 3621 1126 3717 periculo
1151 3648 1231 3696 exe-

169 3724 172 3729 ’
260 3740 388 3813 millet:
421 3739 497 3813 sane
515 3741 668 3812 adventu
694 3738 764 3835 ejus
789 3758 897 3835 partes
913 3741 1170 3829 convaluerant,
1199 3746 1234 3816 δι

261 3858 430 3932 finistmm
455 3858 537 3932 lenti
564 3856 693 3930 itineris
722 3884 897 3932 rumorem
924 3858 1084 3955 prospero
1109 3860 1233 3955 proelio

263 3997 427 4053 verterat:
455 3977 635 4076 omnisque
651 3975 821 4051 inferioris
839 3979 1032 4055 Germaniae
1049 3978 1146 4053 miles
1164 3982 1232 4054 Va·

683 4097 719 4168 L
741 4121 766 4191 4
