3000 5144
402 550 650 625 Dratoous
690 574 745 624 na
782 552 1097 626 Onaronrnos.
1207 574 1228 651 7

262 715 391 793 ditione
408 721 573 813 imbutus,
600 729 842 799 contemnebat
866 725 977 820 potitis
996 726 1106 797 literas
1123 723 1231 821 quim

262 836 445 930 nesciebat,
475 861 654 938 tamquam
676 843 839 940 majorem
863 843 1037 916 industria
1055 847 1086 914 &
1106 843 1232 916 laboris

264 957 412 1052 gloriam
429 960 619 1050 habiturus,
647 966 669 1034 st
695 961 873 1058 ingenium
901 959 971 1056 ejus
987 961 1088 1034 nullis
1104 963 1230 1034 aliena·

261 1101 338 1148 rum
363 1076 487 1150 artium
515 1079 734 1153 adminiculis
761 1080 857 1152 inniti
886 1079 1068 1151 rideretur.
1105 1080 1233 1176 lgitut.

261 1213 299 1266 ut
328 1194 530 1269 intravimus
562 1198 765 1272 cubiculum
787 1198 953 1285 Materni,
981 1199 1153 1270 sedentem
1176 1198 1231 1294 ip·

261 1311 349 1402 sum,
369 1319 401 1386 δι
421 1340 526 1409 quem
546 1317 653 1412 pridie
676 1317 886 1405 recitaverat,
905 1316 1033 1390 librum
1050 1317 1140 1389 intra
1158 1343 1231 1391 ma·

261 1457 325 1504 nus
343 1434 543 1523 habentem,
570 1435 870 1532 deprehendimus.

308 1552 371 1624 Ill.
397 1553 492 1625 Tum
510 1555 679 1627 Secundus:
708 1554 770 1625 Nil
787 1573 893 1642 nete,
913 1553 1039 1648 inquit,
1057 1556 1230 1645 Materne,

260 1666 386 1743 fabulae
400 1671 632 1768 malignorum
648 1691 787 1758 terrent,
806 1671 991 1767 quominus
1007 1672 1148 1747 offensas
1164 1675 1229 1746 Ca·

260 1789 351 1861 tonis
367 1789 416 1860 tui
432 1794 550 1862 ames?
603 1797 662 1862 An
680 1790 758 1864 ideo
777 1790 902 1863 librum
920 1792 1020 1865 istum
1036 1796 1229 1889 apprehen·

260 1907 351 1997 disti,
374 1927 410 1980 ut
427 1908 626 2006 diligentibs
652 1912 856 1998 retradarea
887 1910 1087 2001 &sublatis‚
1113 1917 1232 2009 fiquae

191 2123 194 2129 ,
261 2051 404 2121 pravam
439 2028 684 2124 interpretandi
716 2026 892 2100 materiam
923 2029 1105 2120 dederunt,
1131 2031 1232 2104 emit·

261 2164 347 2217 teres
365 2147 550 2233 Catonem,
576 2173 645 2219 non
669 2146 810 2243 quidem
829 2147 1023 2238 meliorem,
1041 2148 1097 2222 secl
1115 2171 1231 2225 tamen

260 2264 484 2338 securiorem?
535 2268 631 2338 Tum
645 2269 712 2355 ille,
730 2268 846 2363 Leges
863 2288 901 2340 tu
915 2267 1057 2362 quidem
1073 2272 1231 2344 stvolue·

260 2382 320 2472 ris,
348 2391 381 2458 δι
398 2382 572 2484 agnosces,
593 2410 670 2480 quae
695 2385 839 2459 audisti:
869 2384 1003 2481 quddsr
1027 2413 1095 2483 qua
1120 2389 1233 2461 omisit

260 2503 364 2593 Cato,
389 2504 541 2601 sequenti
571 2504 764 2577 recitatione
787 2504 956 2598 Thyestes
973 2504 1074 2578 dicet.
1125 2509 1232 2581 Hanc

261 2621 353 2694 enim
368 2622 574 2720 tragoediam
590 2620 829 2718 disposuijam,
849 2627 881 2695 δι
899 2622 986 2696 intra
1002 2649 1058 2695 me
1075 2623 1145 2720 ipse
1162 2624 1233 2698 for·

261 2740 366 2812 mavi.
416 2746 536 2836 Atque
553 2741 631 2814 idco
648 2761 818 2813 maturare
835 2739 912 2812 libri
930 2737 1028 2836 hujus
1041 2741 1231 2816 editionem

260 2858 392 2948 festino,
418 2880 456 2932 ut
478 2860 613 2933 dimissh
639 2859 752 2955 priore
775 2861 869 2947 curi,
895 2883 995 2931 novae
1029 2859 1230 2955 cogitationi

261 2998 333 3050 toto
352 2982 488 3074 pedore
505 2979 716 3051 incumbam.
767 2976 870 3049 Adeo
893 2996 926 3048 te
952 2978 1132 3073 tragoedia
1159 2978 1230 3051 istae

260 3122 331 3168 non
356 3095 490 3186 satiant,
522 3096 632 3192 inquit
659 3096 758 3191 Aper,
786 3094 986 3192 quominus,
1011 3095 1137 3169 omissis
1156 3122 1230 3169 ora·

260 3216 395 3290 tionum
419 3222 452 3289 &
475 3214 650 3289 causatum
672 3214 803 3302 studiis,
830 3240 935 3287 omne
960 3233 1095 3309 ternpus
1123 3214 1230 3288 modo

261 3335 354 3407 circa
377 3336 559 3424 Medeam,
586 3359 666 3407 ecce
684 3360 775 3406 nunc
792 3333 881 3405 circa
897 3332 1086 3428 Thyesten,
1109 3333 1230 3406 consu·

260 3457 359 3527 mas?
391 3455 472 3526 ciam
493 3473 544 3526 tot
567 3452 759 3527 amicorum
787 3449 908 3540 causae,
933 3471 983 3523 tot
1013 3451 1230 3525 coloniarum

263 3575 296 3644 Sc
324 3570 593 3668 municipiorum
612 3570 778 3644 clientelae
803 3570 839 3643 in
855 3568 969 3645 sorum
994 3593 1132 3658 vocent,
1152 3571 1228 3666 qui·
1312 3602 1315 3607 ·

262 3691 326 3762 bus
351 3690 412 3763 vix
441 3689 622 3779 sufficeres,
652 3691 754 3763 etiam
777 3693 799 3761 st
825 3714 894 3761 non
916 3714 1048 3762 novum
1073 3689 1136 3761 tibi
1159 3688 1228 3785 ipse

260 3807 443 3907 negotium
474 3809 695 3906 importasses,
725 3807 937 3898 Domitium,
967 3813 1000 3881 ὃς
1031 3810 1224 3883 Catonem:

709 3925 785 4017 B'4
