<?xml version="1.0" encoding="UTF-8"?>
<!DOCTYPE html PUBLIC "-//W3C//DTD XHTML 1.0 Transitional//EN"
    "http://www.w3.org/TR/xhtml1/DTD/xhtml1-transitional.dtd">
<html xmlns="http://www.w3.org/1999/xhtml" xml:lang="en" lang="en">
 <head>
  <title>
</title>
<meta http-equiv="Content-Type" content="text/html;charset=utf-8" />
  <meta name='ocr-system' content='tesseract 3.04.00' />
  <meta name='ocr-capabilities' content='ocr_page ocr_carea ocr_par ocr_line ocrx_word'/>
</head>
<body>
  <div class='ocr_page' id='page_1' title='image "./ccorneliitaciti02ernegoog_0361.png"; bbox 0 0 3000 5144; ppageno 0'>
   <div class='ocr_carea' id='block_1_1' title="bbox 397 536 1230 628">
    <p class='ocr_par' dir='ltr' id='par_1_1' title="bbox 397 536 1230 628">
     <span class='ocr_line' id='line_1_1' title="bbox 397 536 1230 628; baseline -0.014 -15"><span class='ocrx_word' id='word_1_1' title='bbox 397 542 644 613; x_wconf 74' lang='lat' dir='ltr'>Drnnoous</span> <span class='ocrx_word' id='word_1_2' title='bbox 681 557 736 606; x_wconf 79' lang='lat' dir='ltr'>on</span> <span class='ocrx_word' id='word_1_3' title='bbox 774 536 1094 606; x_wconf 80' lang='lat' dir='ltr'>Onnronraus.</span> <span class='ocrx_word' id='word_1_4' title='bbox 1188 554 1230 628; x_wconf 74' lang='grc' dir='ltr'>ις</span> 
     </span>
    </p>
   </div>
   <div class='ocr_carea' id='block_1_2' title="bbox 260 703 1235 1159">
    <p class='ocr_par' dir='ltr' id='par_1_2' title="bbox 260 703 1235 1019">
     <span class='ocr_line' id='line_1_2' title="bbox 260 703 1234 799; baseline -0.007 -19"><span class='ocrx_word' id='word_1_5' title='bbox 260 708 349 781; x_wconf 86' lang='lat' dir='ltr'>ditas</span> <span class='ocrx_word' id='word_1_6' title='bbox 376 708 499 797; x_wconf 85' lang='lat' dir='ltr'>Urbis,</span> <span class='ocrx_word' id='word_1_7' title='bbox 527 705 714 778; x_wconf 84' lang='lat' dir='ltr'>deserenda</span> <span class='ocrx_word' id='word_1_8' title='bbox 737 725 849 778; x_wconf 88' lang='lat' dir='ltr'>cetera</span> <span class='ocrx_word' id='word_1_9' title='bbox 882 703 1007 792; x_wconf 85' lang='lat' dir='ltr'>officia,</span> <span class='ocrx_word' id='word_1_10' title='bbox 1035 722 1144 799; x_wconf 90' lang='lat' dir='ltr'>utque</span> <span class='ocrx_word' id='word_1_11' title='bbox 1173 703 1234 798; x_wconf 80' lang='lat' dir='ltr'>ipsi</span> 
     </span>
     <span class='ocr_line' id='line_1_3' title="bbox 261 820 1235 915; baseline -0.005 -17"><span class='ocrx_word' id='word_1_12' title='bbox 261 827 397 915; x_wconf 91' lang='lat' dir='ltr'>dicunt,</span> <span class='ocrx_word' id='word_1_13' title='bbox 424 831 456 897; x_wconf 87' lang='lat' dir='ltr'>in</span> <span class='ocrx_word' id='word_1_14' title='bbox 478 851 599 899; x_wconf 82' lang='lat' dir='ltr'>nemora</span> <span class='ocrx_word' id='word_1_15' title='bbox 624 826 663 897; x_wconf 65' lang='grc' dir='ltr'>ξεῖ</span> <span class='ocrx_word' id='word_1_16' title='bbox 690 827 782 914; x_wconf 84' lang='lat' dir='ltr'>lucos,</span> <span class='ocrx_word' id='word_1_17' title='bbox 810 822 845 895; x_wconf 91' lang='lat' dir='ltr'>id</span> <span class='ocrx_word' id='word_1_18' title='bbox 862 821 923 911; x_wconf 89' lang='lat' dir='ltr'>est,</span> <span class='ocrx_word' id='word_1_19' title='bbox 953 822 988 894; x_wconf 91' lang='lat' dir='ltr'>in</span> <span class='ocrx_word' id='word_1_20' title='bbox 1017 820 1235 894; x_wconf 87' lang='lat' dir='ltr'>solitudinem</span> 
     </span>
     <span class='ocr_line' id='line_1_4' title="bbox 264 944 574 1019; baseline -0.01 0"><span class='ocrx_word' id='word_1_21' title='bbox 264 946 497 1019; x_wconf 88' lang='lat' dir='ltr'>recedendum</span> <span class='ocrx_word' id='word_1_22' title='bbox 514 944 574 1016; x_wconf 89' lang='lat' dir='ltr'>est.</span> 
     </span>
    </p>

    <p class='ocr_par' dir='ltr' id='par_1_3' title="bbox 311 1056 1235 1159">
     <span class='ocr_line' id='line_1_5' title="bbox 311 1056 1235 1159; baseline -0.008 -23"><span class='ocrx_word' id='word_1_23' title='bbox 311 1065 358 1136; x_wconf 86' lang='lat' dir='ltr'>X.</span> <span class='ocrx_word' id='word_1_24' title='bbox 383 1066 446 1137; x_wconf 81' lang='lat' dir='ltr'>Nr.</span> <span class='ocrx_word' id='word_1_25' title='bbox 472 1062 590 1159; x_wconf 89' lang='lat' dir='ltr'>opinio</span> <span class='ocrx_word' id='word_1_26' title='bbox 603 1062 747 1159; x_wconf 89' lang='lat' dir='ltr'>quidem</span> <span class='ocrx_word' id='word_1_27' title='bbox 773 1068 805 1134; x_wconf 78' lang='grc' dir='ltr'>δι</span> <span class='ocrx_word' id='word_1_28' title='bbox 830 1059 934 1148; x_wconf 88' lang='lat' dir='ltr'>fama,</span> <span class='ocrx_word' id='word_1_29' title='bbox 964 1059 1020 1131; x_wconf 92' lang='lat' dir='ltr'>cui</span> <span class='ocrx_word' id='word_1_30' title='bbox 1048 1056 1108 1130; x_wconf 90' lang='lat' dir='ltr'>soli</span> <span class='ocrx_word' id='word_1_31' title='bbox 1135 1058 1235 1131; x_wconf 87' lang='lat' dir='ltr'>servi-</span> 
     </span>
    </p>
   </div>
   <div class='ocr_carea' id='block_1_3' title="bbox 158 1176 1238 1280">
    <p class='ocr_par' dir='ltr' id='par_1_4' title="bbox 158 1176 1238 1280">
     <span class='ocr_line' id='line_1_6' title="bbox 158 1176 1238 1280; baseline -0.006 -24"><span class='ocrx_word' id='word_1_32' title='bbox 158 1214 163 1219; x_wconf 90' lang='lat'><em>·</em></span> <span class='ocrx_word' id='word_1_33' title='bbox 263 1202 339 1271; x_wconf 90' lang='lat' dir='ltr'>unt,</span> <span class='ocrx_word' id='word_1_34' title='bbox 369 1188 402 1256; x_wconf 72' lang='grc' dir='ltr'>δι</span> <span class='ocrx_word' id='word_1_35' title='bbox 421 1185 517 1280; x_wconf 89' lang='lat' dir='ltr'>quod</span> <span class='ocrx_word' id='word_1_36' title='bbox 535 1208 645 1254; x_wconf 91' lang='lat' dir='ltr'>unum</span> <span class='ocrx_word' id='word_1_37' title='bbox 662 1185 728 1254; x_wconf 79' lang='lat' dir='ltr'>elle</span> <span class='ocrx_word' id='word_1_38' title='bbox 746 1180 893 1278; x_wconf 90' lang='lat' dir='ltr'>pretium</span> <span class='ocrx_word' id='word_1_39' title='bbox 910 1179 1023 1252; x_wconf 88' lang='lat' dir='ltr'>omnis</span> <span class='ocrx_word' id='word_1_40' title='bbox 1039 1176 1088 1251; x_wconf 88' lang='lat' dir='ltr'>sui</span> <span class='ocrx_word' id='word_1_41' title='bbox 1111 1178 1238 1250; x_wconf 86' lang='lat' dir='ltr'>laboris</span> 
     </span>
    </p>
   </div>
   <div class='ocr_carea' id='block_1_4' title="bbox 198 1296 1260 4006">
    <p class='ocr_par' dir='ltr' id='par_1_5' title="bbox 198 1296 1260 4006">
     <span class='ocr_line' id='line_1_7' title="bbox 265 1296 1237 1396; baseline -0.004 -24"><span class='ocrx_word' id='word_1_42' title='bbox 265 1299 428 1390; x_wconf 84' lang='lat' dir='ltr'>fatentur,</span> <span class='ocrx_word' id='word_1_43' title='bbox 462 1301 560 1396; x_wconf 75' lang='lat' dir='ltr'>aeque</span> <span class='ocrx_word' id='word_1_44' title='bbox 595 1307 715 1396; x_wconf 73' lang='lat' dir='ltr'>poetas</span> <span class='ocrx_word' id='word_1_45' title='bbox 742 1301 850 1396; x_wconf 66' lang='lat' dir='ltr'>quim</span> <span class='ocrx_word' id='word_1_46' title='bbox 879 1317 1027 1371; x_wconf 89' lang='lat' dir='ltr'>oratores</span> <span class='ocrx_word' id='word_1_47' title='bbox 1061 1296 1237 1393; x_wconf 87' lang='lat' dir='ltr'>sequitur:</span> 
     </span>
     <span class='ocr_line' id='line_1_8' title="bbox 266 1416 1240 1514; baseline -0.005 -23"><span class='ocrx_word' id='word_1_48' title='bbox 266 1419 432 1514; x_wconf 92' lang='lat' dir='ltr'>quoniam</span> <span class='ocrx_word' id='word_1_49' title='bbox 461 1419 651 1491; x_wconf 86' lang='lat' dir='ltr'>mediocres</span> <span class='ocrx_word' id='word_1_50' title='bbox 690 1423 808 1514; x_wconf 86' lang='lat' dir='ltr'>po&#39;e&#39;tas</span> <span class='ocrx_word' id='word_1_51' title='bbox 844 1442 948 1490; x_wconf 92' lang='lat' dir='ltr'>nemo</span> <span class='ocrx_word' id='word_1_52' title='bbox 981 1416 1093 1504; x_wconf 88' lang='lat' dir='ltr'>novit,</span> <span class='ocrx_word' id='word_1_53' title='bbox 1130 1419 1240 1488; x_wconf 84' lang='lat' dir='ltr'>bonos</span> 
     </span>
     <span class='ocr_line' id='line_1_9' title="bbox 268 1512 1241 1633; baseline -0.004 -23"><span class='ocrx_word' id='word_1_54' title='bbox 268 1538 383 1632; x_wconf 88' lang='lat' dir='ltr'>pauci.</span> <span class='ocrx_word' id='word_1_55' title='bbox 432 1539 585 1633; x_wconf 76' lang='lat' dir='ltr'>Quando</span> <span class='ocrx_word' id='word_1_56' title='bbox 614 1536 706 1609; x_wconf 90' lang='lat' dir='ltr'>enim</span> <span class='ocrx_word' id='word_1_57' title='bbox 735 1512 978 1610; x_wconf 80' lang='lat' dir='ltr'>rarissimarum</span> <span class='ocrx_word' id='word_1_58' title='bbox 1005 1533 1241 1608; x_wconf 85' lang='lat' dir='ltr'>recitationum</span> 
     </span>
     <span class='ocr_line' id='line_1_10' title="bbox 269 1653 1242 1752; baseline -0.003 -25"><span class='ocrx_word' id='word_1_59' title='bbox 269 1653 363 1727; x_wconf 80' lang='lat' dir='ltr'>fama</span> <span class='ocrx_word' id='word_1_60' title='bbox 375 1655 411 1727; x_wconf 94' lang='lat' dir='ltr'>in</span> <span class='ocrx_word' id='word_1_61' title='bbox 428 1676 535 1727; x_wconf 86' lang='lat' dir='ltr'>totam</span> <span class='ocrx_word' id='word_1_62' title='bbox 549 1658 687 1727; x_wconf 81' lang='lat' dir='ltr'>Urbem</span> <span class='ocrx_word' id='word_1_63' title='bbox 705 1659 883 1752; x_wconf 82' lang='lat' dir='ltr'>penetrat?</span> <span class='ocrx_word' id='word_1_64' title='bbox 911 1655 1040 1727; x_wconf 90' lang='lat' dir='ltr'>nedum</span> <span class='ocrx_word' id='word_1_65' title='bbox 1058 1672 1097 1726; x_wconf 92' lang='lat' dir='ltr'>ut</span> <span class='ocrx_word' id='word_1_66' title='bbox 1114 1678 1173 1748; x_wconf 90' lang='lat' dir='ltr'>per</span> <span class='ocrx_word' id='word_1_67' title='bbox 1190 1672 1242 1724; x_wconf 89' lang='lat' dir='ltr'>tot</span> 
     </span>
     <span class='ocr_line' id='line_1_11' title="bbox 269 1770 1243 1871; baseline 0.004 -27"><span class='ocrx_word' id='word_1_68' title='bbox 269 1772 459 1870; x_wconf 88' lang='lat' dir='ltr'>provincias</span> <span class='ocrx_word' id='word_1_69' title='bbox 485 1773 681 1846; x_wconf 84' lang='lat' dir='ltr'>innotescat.</span> <span class='ocrx_word' id='word_1_70' title='bbox 730 1777 870 1871; x_wconf 79' lang='lat' dir='ltr'>Qiotus</span> <span class='ocrx_word' id='word_1_71' title='bbox 903 1770 1170 1870; x_wconf 77' lang='lat' dir='ltr'>quisque,ci1m</span> <span class='ocrx_word' id='word_1_72' title='bbox 1198 1797 1243 1849; x_wconf 75' lang='lat' dir='ltr'>cx</span> 
     </span>
     <span class='ocr_line' id='line_1_12' title="bbox 270 1888 1243 1988; baseline -0.004 -23"><span class='ocrx_word' id='word_1_73' title='bbox 270 1890 455 1988; x_wconf 63' lang='lat' dir='ltr'>Hispania,</span> <span class='ocrx_word' id='word_1_74' title='bbox 480 1893 534 1963; x_wconf 85' lang='lat' dir='ltr'>vel</span> <span class='ocrx_word' id='word_1_75' title='bbox 553 1896 645 1981; x_wconf 70' lang='lat' dir='ltr'>Asia,</span> <span class='ocrx_word' id='word_1_76' title='bbox 678 1891 830 1988; x_wconf 90' lang='lat' dir='ltr'>nequid</span> <span class='ocrx_word' id='word_1_77' title='bbox 857 1893 901 1964; x_wconf 92' lang='lat' dir='ltr'>de</span> <span class='ocrx_word' id='word_1_78' title='bbox 918 1891 1027 1964; x_wconf 89' lang='lat' dir='ltr'>Gallis</span> <span class='ocrx_word' id='word_1_79' title='bbox 1043 1888 1164 1963; x_wconf 89' lang='lat' dir='ltr'>nostris</span> <span class='ocrx_word' id='word_1_80' title='bbox 1192 1891 1243 1961; x_wconf 91' lang='lat' dir='ltr'>lo·</span> 
     </span>
     <span class='ocr_line' id='line_1_13' title="bbox 271 2009 1242 2107; baseline -0.003 -25"><span class='ocrx_word' id='word_1_81' title='bbox 271 2034 433 2107; x_wconf 82' lang='lat' dir='ltr'>quantur,</span> <span class='ocrx_word' id='word_1_82' title='bbox 458 2009 495 2081; x_wconf 93' lang='lat' dir='ltr'>in</span> <span class='ocrx_word' id='word_1_83' title='bbox 510 2013 647 2082; x_wconf 84' lang='lat' dir='ltr'>Urbem</span> <span class='ocrx_word' id='word_1_84' title='bbox 671 2012 777 2099; x_wconf 91' lang='lat' dir='ltr'>venit,</span> <span class='ocrx_word' id='word_1_85' title='bbox 799 2010 949 2083; x_wconf 84' lang='lat' dir='ltr'>Saleium</span> <span class='ocrx_word' id='word_1_86' title='bbox 974 2011 1111 2082; x_wconf 83' lang='lat' dir='ltr'>Ballum</span> <span class='ocrx_word' id='word_1_87' title='bbox 1128 2009 1242 2105; x_wconf 89' lang='lat' dir='ltr'>requi·</span> 
     </span>
     <span class='ocr_line' id='line_1_14' title="bbox 272 2127 1245 2226; baseline -0.004 -25"><span class='ocrx_word' id='word_1_88' title='bbox 272 2128 345 2201; x_wconf 85' lang='lat' dir='ltr'>tit?</span> <span class='ocrx_word' id='word_1_89' title='bbox 383 2150 488 2225; x_wconf 85' lang='lat' dir='ltr'>atque</span> <span class='ocrx_word' id='word_1_90' title='bbox 514 2128 602 2201; x_wconf 77' lang='lat' dir='ltr'>adeo</span> <span class='ocrx_word' id='word_1_91' title='bbox 628 2134 649 2201; x_wconf 81' lang='lat' dir='ltr'>si</span> <span class='ocrx_word' id='word_1_92' title='bbox 675 2129 752 2225; x_wconf 91' lang='lat' dir='ltr'>quis</span> <span class='ocrx_word' id='word_1_93' title='bbox 780 2129 931 2226; x_wconf 88' lang='lat' dir='ltr'>requirit,</span> <span class='ocrx_word' id='word_1_94' title='bbox 959 2133 993 2201; x_wconf 70' lang='lat' dir='ltr'>u</span> <span class='ocrx_word' id='word_1_95' title='bbox 1021 2127 1124 2200; x_wconf 90' lang='lat' dir='ltr'>semel</span> <span class='ocrx_word' id='word_1_96' title='bbox 1144 2127 1245 2216; x_wconf 81' lang='lat' dir='ltr'>vidit,</span> 
     </span>
     <span class='ocr_line' id='line_1_15' title="bbox 273 2247 1244 2344; baseline -0.003 -23"><span class='ocrx_word' id='word_1_97' title='bbox 273 2251 389 2321; x_wconf 87' lang='lat' dir='ltr'>tranfit</span> <span class='ocrx_word' id='word_1_98' title='bbox 417 2253 650 2321; x_wconf 86' lang='lat' dir='ltr'>&amp;contentus</span> <span class='ocrx_word' id='word_1_99' title='bbox 666 2247 738 2331; x_wconf 91' lang='lat' dir='ltr'>est;</span> <span class='ocrx_word' id='word_1_100' title='bbox 768 2269 806 2320; x_wconf 90' lang='lat' dir='ltr'>ut</span> <span class='ocrx_word' id='word_1_101' title='bbox 832 2251 855 2320; x_wconf 87' lang='lat' dir='ltr'>fi</span> <span class='ocrx_word' id='word_1_102' title='bbox 884 2247 1053 2344; x_wconf 68' lang='lat' dir='ltr'>piduram</span> <span class='ocrx_word' id='word_1_103' title='bbox 1077 2247 1244 2342; x_wconf 87' lang='lat' dir='ltr'>aliquam,</span> 
     </span>
     <span class='ocr_line' id='line_1_16' title="bbox 277 2364 1246 2464; baseline 0.002 -27"><span class='ocrx_word' id='word_1_104' title='bbox 277 2368 335 2438; x_wconf 83' lang='lat' dir='ltr'>vel</span> <span class='ocrx_word' id='word_1_105' title='bbox 353 2366 499 2438; x_wconf 88' lang='lat' dir='ltr'>statuam</span> <span class='ocrx_word' id='word_1_106' title='bbox 517 2367 661 2440; x_wconf 83' lang='lat' dir='ltr'>vidillet.</span> <span class='ocrx_word' id='word_1_107' title='bbox 711 2369 837 2464; x_wconf 89' lang='lat' dir='ltr'>Neque</span> <span class='ocrx_word' id='word_1_108' title='bbox 862 2369 955 2439; x_wconf 89' lang='lat' dir='ltr'>hunc</span> <span class='ocrx_word' id='word_1_109' title='bbox 973 2392 1092 2440; x_wconf 92' lang='lat' dir='ltr'>meum</span> <span class='ocrx_word' id='word_1_110' title='bbox 1118 2364 1246 2439; x_wconf 87' lang='lat' dir='ltr'>sermo·</span> 
     </span>
     <span class='ocr_line' id='line_1_17' title="bbox 275 2485 1249 2583; baseline -0.001 -26"><span class='ocrx_word' id='word_1_111' title='bbox 275 2511 356 2558; x_wconf 92' lang='lat' dir='ltr'>nem</span> <span class='ocrx_word' id='word_1_112' title='bbox 374 2489 417 2558; x_wconf 83' lang='lat' dir='ltr'>sic</span> <span class='ocrx_word' id='word_1_113' title='bbox 434 2485 545 2582; x_wconf 89' lang='lat' dir='ltr'>accipi</span> <span class='ocrx_word' id='word_1_114' title='bbox 557 2486 651 2575; x_wconf 87' lang='lat' dir='ltr'>volo,</span> <span class='ocrx_word' id='word_1_115' title='bbox 669 2507 850 2583; x_wconf 85' lang='lat' dir='ltr'>tamquam</span> <span class='ocrx_word' id='word_1_116' title='bbox 875 2512 946 2578; x_wconf 91' lang='lat' dir='ltr'>eos,</span> <span class='ocrx_word' id='word_1_117' title='bbox 974 2486 1100 2583; x_wconf 90' lang='lat' dir='ltr'>quibus</span> <span class='ocrx_word' id='word_1_118' title='bbox 1129 2504 1249 2557; x_wconf 90' lang='lat' dir='ltr'>natura</span> 
     </span>
     <span class='ocr_line' id='line_1_18' title="bbox 276 2600 1251 2702; baseline -0.001 -27"><span class='ocrx_word' id='word_1_119' title='bbox 276 2600 334 2687; x_wconf 83' lang='lat' dir='ltr'>sua</span> <span class='ocrx_word' id='word_1_120' title='bbox 359 2603 547 2675; x_wconf 85' lang='lat' dir='ltr'>oratorium</span> <span class='ocrx_word' id='word_1_121' title='bbox 579 2603 758 2700; x_wconf 86' lang='lat' dir='ltr'>ingenium</span> <span class='ocrx_word' id='word_1_122' title='bbox 783 2605 981 2702; x_wconf 83' lang='lat' dir='ltr'>denegavit,</span> <span class='ocrx_word' id='word_1_123' title='bbox 1010 2605 1202 2677; x_wconf 86' lang='lat' dir='ltr'>deterream</span> <span class='ocrx_word' id='word_1_124' title='bbox 1230 2628 1251 2674; x_wconf 93' lang='lat' dir='ltr'>a</span> 
     </span>
     <span class='ocr_line' id='line_1_19' title="bbox 277 2721 1251 2817; baseline -0.001 -23"><span class='ocrx_word' id='word_1_125' title='bbox 277 2721 502 2811; x_wconf 88' lang='lat' dir='ltr'>carminibus,</span> <span class='ocrx_word' id='word_1_126' title='bbox 530 2722 678 2794; x_wconf 78' lang='lat' dir='ltr'>simodo</span> <span class='ocrx_word' id='word_1_127' title='bbox 707 2724 740 2794; x_wconf 95' lang='lat' dir='ltr'>in</span> <span class='ocrx_word' id='word_1_128' title='bbox 759 2725 822 2795; x_wconf 90' lang='lat' dir='ltr'>hac</span> <span class='ocrx_word' id='word_1_129' title='bbox 845 2723 1034 2795; x_wconf 88' lang='lat' dir='ltr'>studiorum</span> <span class='ocrx_word' id='word_1_130' title='bbox 1064 2742 1158 2817; x_wconf 86' lang='lat' dir='ltr'>parte</span> <span class='ocrx_word' id='word_1_131' title='bbox 1187 2725 1251 2793; x_wconf 92' lang='lat' dir='ltr'>ob·</span> 
     </span>
     <span class='ocr_line' id='line_1_20' title="bbox 198 2840 1249 2937; baseline 0 -25"><span class='ocrx_word' id='word_1_132' title='bbox 198 2865 201 2869; x_wconf 83' lang='grc'><strong>’</strong></span> <span class='ocrx_word' id='word_1_133' title='bbox 277 2841 400 2912; x_wconf 71' lang='lat' dir='ltr'>lestare</span> <span class='ocrx_word' id='word_1_134' title='bbox 428 2841 552 2928; x_wconf 91' lang='lat' dir='ltr'>otium,</span> <span class='ocrx_word' id='word_1_135' title='bbox 584 2846 617 2913; x_wconf 76' lang='grc' dir='ltr'>δι</span> <span class='ocrx_word' id='word_1_136' title='bbox 644 2867 771 2914; x_wconf 89' lang='lat' dir='ltr'>nomen</span> <span class='ocrx_word' id='word_1_137' title='bbox 794 2840 936 2913; x_wconf 88' lang='lat' dir='ltr'>inserere</span> <span class='ocrx_word' id='word_1_138' title='bbox 959 2844 1095 2937; x_wconf 72' lang='lat' dir='ltr'>poliunt</span> <span class='ocrx_word' id='word_1_139' title='bbox 1124 2841 1249 2912; x_wconf 80' lang='lat' dir='ltr'>famae:</span> 
     </span>
     <span class='ocr_line' id='line_1_21' title="bbox 278 2957 1251 3056; baseline 0.001 -27"><span class='ocrx_word' id='word_1_140' title='bbox 278 2982 346 3055; x_wconf 86' lang='lat' dir='ltr'>ego</span> <span class='ocrx_word' id='word_1_141' title='bbox 362 2958 445 3030; x_wconf 76' lang='lat' dir='ltr'>vero</span> <span class='ocrx_word' id='word_1_142' title='bbox 468 2984 610 3030; x_wconf 90' lang='lat' dir='ltr'>omnem</span> <span class='ocrx_word' id='word_1_143' title='bbox 628 2959 864 3055; x_wconf 80' lang='lat' dir='ltr'>eloquentiam</span> <span class='ocrx_word' id='word_1_144' title='bbox 883 2958 1070 3054; x_wconf 87' lang='lat' dir='ltr'>omnesque</span> <span class='ocrx_word' id='word_1_145' title='bbox 1086 2957 1157 3056; x_wconf 88' lang='lat' dir='ltr'>ejus</span> <span class='ocrx_word' id='word_1_146' title='bbox 1175 2985 1251 3054; x_wconf 90' lang='lat' dir='ltr'>par-</span> 
     </span>
     <span class='ocr_line' id='line_1_22' title="bbox 280 3076 1252 3173; baseline 0.001 -25"><span class='ocrx_word' id='word_1_147' title='bbox 280 3099 332 3149; x_wconf 88' lang='lat' dir='ltr'>tes</span> <span class='ocrx_word' id='word_1_148' title='bbox 348 3076 456 3149; x_wconf 83' lang='lat' dir='ltr'>sacras</span> <span class='ocrx_word' id='word_1_149' title='bbox 475 3082 507 3148; x_wconf 75' lang='grc' dir='ltr'>δι</span> <span class='ocrx_word' id='word_1_150' title='bbox 525 3077 736 3149; x_wconf 88' lang='lat' dir='ltr'>venerabiles</span> <span class='ocrx_word' id='word_1_151' title='bbox 753 3099 861 3173; x_wconf 87' lang='lat' dir='ltr'>puro:</span> <span class='ocrx_word' id='word_1_152' title='bbox 892 3103 954 3150; x_wconf 87' lang='lat' dir='ltr'>nec</span> <span class='ocrx_word' id='word_1_153' title='bbox 981 3076 1092 3150; x_wconf 77' lang='lat' dir='ltr'>solum</span> <span class='ocrx_word' id='word_1_154' title='bbox 1114 3080 1252 3151; x_wconf 89' lang='lat' dir='ltr'>cothur-</span> 
     </span>
     <span class='ocr_line' id='line_1_23' title="bbox 279 3193 1256 3285; baseline 0.002 -17"><span class='ocrx_word' id='word_1_155' title='bbox 279 3220 365 3268; x_wconf 88' lang='lat' dir='ltr'>num</span> <span class='ocrx_word' id='word_1_156' title='bbox 391 3193 558 3283; x_wconf 84' lang='lat' dir='ltr'>vestrum,</span> <span class='ocrx_word' id='word_1_157' title='bbox 588 3215 647 3269; x_wconf 92' lang='lat' dir='ltr'>aut</span> <span class='ocrx_word' id='word_1_158' title='bbox 677 3196 804 3268; x_wconf 88' lang='lat' dir='ltr'>heroici</span> <span class='ocrx_word' id='word_1_159' title='bbox 838 3197 997 3269; x_wconf 88' lang='lat' dir='ltr'>carminis</span> <span class='ocrx_word' id='word_1_160' title='bbox 1026 3196 1161 3285; x_wconf 90' lang='lat' dir='ltr'>sonum,</span> <span class='ocrx_word' id='word_1_161' title='bbox 1198 3194 1256 3271; x_wconf 88' lang='lat' dir='ltr'>sed</span> 
     </span>
     <span class='ocr_line' id='line_1_24' title="bbox 282 3313 1254 3412; baseline 0.002 -26"><span class='ocrx_word' id='word_1_162' title='bbox 282 3313 465 3408; x_wconf 89' lang='lat' dir='ltr'>lyricorum</span> <span class='ocrx_word' id='word_1_163' title='bbox 484 3339 625 3410; x_wconf 91' lang='lat' dir='ltr'>quoque</span> <span class='ocrx_word' id='word_1_164' title='bbox 644 3313 909 3410; x_wconf 87' lang='lat' dir='ltr'>jucunditatem,</span> <span class='ocrx_word' id='word_1_165' title='bbox 938 3317 1167 3412; x_wconf 87' lang='lat' dir='ltr'>&amp;elegorum</span> <span class='ocrx_word' id='word_1_166' title='bbox 1193 3314 1254 3388; x_wconf 87' lang='lat' dir='ltr'>las·</span> 
     </span>
     <span class='ocr_line' id='line_1_25' title="bbox 281 3431 1256 3532; baseline 0.001 -27"><span class='ocrx_word' id='word_1_167' title='bbox 281 3431 401 3521; x_wconf 83' lang='lat' dir='ltr'>cirias,</span> <span class='ocrx_word' id='word_1_168' title='bbox 432 3437 465 3505; x_wconf 74' lang='grc' dir='ltr'>δι</span> <span class='ocrx_word' id='word_1_169' title='bbox 495 3433 692 3506; x_wconf 86' lang='lat' dir='ltr'>iamborum</span> <span class='ocrx_word' id='word_1_170' title='bbox 721 3434 1000 3523; x_wconf 85' lang='lat' dir='ltr'>amaritudinem,</span> <span class='ocrx_word' id='word_1_171' title='bbox 1027 3438 1060 3504; x_wconf 72' lang='grc' dir='ltr'>δε</span> <span class='ocrx_word' id='word_1_172' title='bbox 1084 3433 1256 3532; x_wconf 84' lang='lat' dir='ltr'>epigram·</span> 
     </span>
     <span class='ocr_line' id='line_1_26' title="bbox 283 3549 1258 3649; baseline -0.001 -25"><span class='ocrx_word' id='word_1_173' title='bbox 283 3571 418 3624; x_wconf 91' lang='lat' dir='ltr'>matum</span> <span class='ocrx_word' id='word_1_174' title='bbox 436 3549 540 3639; x_wconf 89' lang='lat' dir='ltr'>lusus,</span> <span class='ocrx_word' id='word_1_175' title='bbox 572 3557 605 3625; x_wconf 75' lang='grc' dir='ltr'>δι</span> <span class='ocrx_word' id='word_1_176' title='bbox 625 3577 885 3649; x_wconf 90' lang='lat' dir='ltr'>quamcumque</span> <span class='ocrx_word' id='word_1_177' title='bbox 904 3552 1005 3624; x_wconf 88' lang='lat' dir='ltr'>aliam</span> <span class='ocrx_word' id='word_1_178' title='bbox 1024 3552 1170 3648; x_wconf 84' lang='lat' dir='ltr'>speciem</span> <span class='ocrx_word' id='word_1_179' title='bbox 1187 3555 1258 3625; x_wconf 57' lang='lat' dir='ltr'>elo,</span> 
     </span>
     <span class='ocr_line' id='line_1_27' title="bbox 284 3669 1258 3767; baseline 0.003 -27"><span class='ocrx_word' id='word_1_180' title='bbox 284 3669 426 3766; x_wconf 85' lang='lat' dir='ltr'>quentia</span> <span class='ocrx_word' id='word_1_181' title='bbox 444 3672 583 3759; x_wconf 88' lang='lat' dir='ltr'>habeat,</span> <span class='ocrx_word' id='word_1_182' title='bbox 614 3674 890 3767; x_wconf 87' lang='lat' dir='ltr'>anteponendam</span> <span class='ocrx_word' id='word_1_183' title='bbox 908 3672 1024 3744; x_wconf 84' lang='lat' dir='ltr'>ceteris</span> <span class='ocrx_word' id='word_1_184' title='bbox 1044 3671 1187 3743; x_wconf 91' lang='lat' dir='ltr'>aliarum</span> <span class='ocrx_word' id='word_1_185' title='bbox 1204 3698 1258 3745; x_wconf 55' lang='lat' dir='ltr'>ar,</span> 
     </span>
     <span class='ocr_line' id='line_1_28' title="bbox 285 3789 1260 3880; baseline 0.003 -19"><span class='ocrx_word' id='word_1_186' title='bbox 285 3789 373 3863; x_wconf 92' lang='lat' dir='ltr'>tium</span> <span class='ocrx_word' id='word_1_187' title='bbox 389 3789 508 3860; x_wconf 88' lang='lat' dir='ltr'>studiis</span> <span class='ocrx_word' id='word_1_188' title='bbox 525 3791 652 3862; x_wconf 92' lang='lat' dir='ltr'>credo:</span> <span class='ocrx_word' id='word_1_189' title='bbox 678 3791 735 3862; x_wconf 91' lang='lat' dir='ltr'>sed</span> <span class='ocrx_word' id='word_1_190' title='bbox 754 3811 870 3862; x_wconf 87' lang='lat' dir='ltr'>tecum</span> <span class='ocrx_word' id='word_1_191' title='bbox 887 3790 985 3878; x_wconf 84' lang='lat' dir='ltr'>milri,</span> <span class='ocrx_word' id='word_1_192' title='bbox 1011 3794 1183 3880; x_wconf 87' lang='lat' dir='ltr'>Materne,</span> <span class='ocrx_word' id='word_1_193' title='bbox 1208 3817 1260 3875; x_wconf 71' lang='lat' dir='ltr'>res</span> 
     </span>
     <span class='ocr_line' id='line_1_29' title="bbox 284 3906 1258 4006; baseline -0.002 -27"><span class='ocrx_word' id='word_1_194' title='bbox 284 3907 348 3997; x_wconf 85' lang='lat' dir='ltr'>est,</span> <span class='ocrx_word' id='word_1_195' title='bbox 375 3907 485 4003; x_wconf 76' lang='lat' dir='ltr'>quod,</span> <span class='ocrx_word' id='word_1_196' title='bbox 516 3909 597 3982; x_wconf 80' lang='lat' dir='ltr'>cum</span> <span class='ocrx_word' id='word_1_197' title='bbox 623 3929 743 3983; x_wconf 87' lang='lat' dir='ltr'>natura</span> <span class='ocrx_word' id='word_1_198' title='bbox 770 3928 827 3983; x_wconf 89' lang='lat' dir='ltr'>tua</span> <span class='ocrx_word' id='word_1_199' title='bbox 855 3907 891 3980; x_wconf 91' lang='lat' dir='ltr'>in</span> <span class='ocrx_word' id='word_1_200' title='bbox 916 3906 1023 4006; x_wconf 84' lang='lat' dir='ltr'>ipsam</span> <span class='ocrx_word' id='word_1_201' title='bbox 1051 3935 1163 3984; x_wconf 89' lang='lat' dir='ltr'>arcem</span> <span class='ocrx_word' id='word_1_202' title='bbox 1188 3912 1258 3991; x_wconf 87' lang='lat' dir='ltr'>elo.</span> 
     </span>
    </p>
   </div>
   <div class='ocr_carea' id='block_1_5' title="bbox 0 0 1546 5144">
    <p class='ocr_par' dir='ltr' id='par_1_6' title="bbox 0 0 1546 5144">
     <span class='ocr_line' id='line_1_30' title="bbox 0 0 1546 5144; baseline 0 0"><span class='ocrx_word' id='word_1_203' title='bbox 0 0 1546 5144; x_wconf 95' lang='lat' dir='ltr'> </span> 
     </span>
    </p>
   </div>
  </div>
 </body>
</html>
