3000 5144
441 451 1055 579 Hrsronrnniranrn.lV.
1167 512 1235 606 289

269 674 297 709 “
315 665 363 741 fas
387 691 575 758 armorum,
597 670 698 768 &jus
716 671 887 743 hostium:
916 673 1047 745 bellum
1071 698 1151 745 cum
1170 697 1234 767 po-

270 792 298 830 “
316 787 399 881 pulo
418 790 581 860 Romano
598 789 715 861 vestris
732 789 764 860 se
781 789 937 861 manibus
954 791 1125 885 gesturum
1142 788 1233 862 Clas-

269 908 297 944 “
316 907 398 975 sicus
415 902 541 998 sperat:
561 904 816 1001 imperiumque
834 912 866 978 δι
884 905 1131 979 sacramentum
1148 910 1232 980 Gal-

269 1026 296 1062 “
315 1020 435 1092 liatum
460 1021 613 1094 ostentat.
664 1023 765 1094 Adeo
789 1049 866 1110 nos,
892 1026 914 1094 fi
939 1023 1075 1096 fortuna
1092 1026 1125 1095 in
1144 1052 1231 1121 prae-

266 1137 386 1211 “sens
414 1137 588 1234 virtusque
615 1139 775 1228 deseruit,
797 1140 902 1213 etiam
930 1161 1044 1212 vetera
1070 1145 1231 1239 exempla

267 1263 293 1297 “
310 1254 490 1342 deliciunt,
504 1256 661 1352 quotiens
672 1262 841 1340 Romanae
854 1257 1004 1355 legiones
1021 1259 1130 1353 perire
1139 1287 1230 1356 prae·

268 1379 295 1415 “
312 1373 520 1469 optaverint,
562 1399 606 1445 ne
640 1377 717 1446 loco
749 1376 976 1469 pellerentur?
1027 1376 1117 1449 Socii
1145 1378 1230 1472 saepe

267 1497 294 1533 “
311 1490 431 1580 nostri,
454 1489 606 1562 exscindi
623 1494 722 1563 urbes
737 1490 823 1580 suas,
848 1490 949 1588 seque
972 1518 1054 1566 cum
1074 1493 1230 1591 conjugi-

266 1615 293 1650 “
312 1611 374 1682 bus
390 1635 430 1681 ac
454 1607 568 1679 libetis
584 1608 726 1680 cremari
743 1611 978 1704 pertulerunt;
1009 1637 1120 1707 neque
1136 1612 1230 1685 aliud

265 1732 293 1768 “
311 1726 460 1821 pretium
472 1727 599 1814 exitiis,
617 1727 724 1823 quam
741 1729 825 1799 fides
843 1727 1014 1824 famaque.
1063 1730 1230 1803 Tolerant

266 1848 294 1890 “
313 1845 395 1916 clun
420 1845 571 1916 maxime
599 1843 753 1940 inopiam
780 1845 1019 1941 obsidiumque
1044 1848 1135 1942 apud
1159 1848 1227 1920 Ve-

266 1967 294 2004 “
312 1980 383 2034 tera
400 1962 567 2059 legiones,
593 1986 655 2034 nec
680 1981 806 2034 terrore
829 1983 886 2033 aut
917 1963 1084 2059 promiffis
1107 1967 1226 2037 demo·

265 2086 292 2122 “
311 2099 445 2152 ventur.
494 2080 621 2168 Nobis,
650 2068 747 2175 super
770 2105 862 2152 arma
887 2086 919 2152 δε
938 2081 1041 2171 viros,
1072 2087 1104 2155 δι
1129 2108 1227 2178 egre-

264 2203 290 2239 “
308 2197 366 2294 gia
381 2198 569 2291 castrorum
587 2197 815 2286 munimenta,
841 2195 1052 2270 frumentum
1072 2204 1104 2270 &
1129 2225 1227 2272 com-

264 2322 439 2387 “meatus
465 2315 626 2412 quamvis
659 2317 764 2412 longo
795 2316 886 2388 bello
911 2341 1019 2410 pares.
1077 2317 1228 2389 Pecunia

263 2439 290 2475 “
308 2458 416 2528 nuper
431 2432 534 2509 etiam
552 2433 718 2504 donativo
742 2432 894 2518 suffecit3
915 2434 1008 2530 quod
1029 2438 1096 2509 five
1112 2433 1225 2505 aVes-

263 2557 289 2594 “
308 2553 455 2651 paliano,
481 2555 548 2623 five
573 2550 749 2622 aVitellio
773 2552 892 2624 datum
915 2550 1126 2646 interpretari
1152 2577 1226 2625 ma·

262 2674 289 2710 “
309 2666 426 2755 vultis,
453 2670 498 2745 ab
513 2669 721 2763 Imperatore
744 2669 834 2740 certe
852 2673 1015 2741 Romano
1039 2669 1224 2764 accepistis.

263 2786 382 2855 “Tot
404 2785 575 2857 bellorum
598 2785 753 2875 victores,
775 2786 869 2880 apud
894 2785 1106 2871 Geldubam,
1131 2787 1225 2880 apud

261 2910 287 2946 “
306 2904 440 2990 Vetera,
469 2901 542 2975 fuso
563 2902 686 2975 totiens
703 2902 813 2990 hoste,
838 2899 1010 2997 fipavetis
1026 2900 1148 2988 aciem,
1172 2901 1225 2973 in·

262 3020 454 3116 “dignum
484 3019 520 3090 id
548 3020 712 3116 quidem:
739 3017 796 3091 sed
822 3018 870 3091 est
894 3020 1024 3090 vallum
1052 3018 1224 3114 murique,
1266 3070 1269 3074 -

261 3145 289 3183 “
309 3143 342 3210 δι
368 3136 522 3215 trahendi
547 3159 649 3226 artes,
673 3138 785 3209 donec
809 3161 829 3208 e
852 3134 1019 3233 proximis
1044 3134 1227 3229 provinciis

262 3263 289 3299 “
306 3254 433 3329 auxilia
448 3253 682 3350 exercitusque
698 3273 912 3326 concurrant.
960 3250 1048 3324 Sane
1073 3276 1140 3348 ego
1157 3252 1224 3324 dis·

260 3381 288 3419 “
307 3373 478 3470 pliceam:
509 3369 585 3444 sunt
601 3372 659 3443 alii
682 3371 798 3467 legati,
825 3368 964 3458 tribuni,
992 3369 1147 3446 centurio
1162 3371 1224 3442 de·

260 3498 289 3536 “
305 3491 424 3586 nique,
449 3509 506 3562 aut
524 3490 633 3562 miles.
681 3491 739 3561 Ne
755 3491 821 3561 hoc
844 3485 1042 3582 prodigium
1061 3506 1134 3557 toto
1156 3506 1224 3559 ter·

259 3615 287 3653 “
305 3633 415 3681 ratum
432 3609 517 3680 orbe
534 3608 709 3703 vulgetur,
727 3604 826 3678 vobis
844 3603 1055 3688 satellitibus,
1073 3602 1223 3677 Civilem

260 3734 286 3772 ‘⁴
305 3731 338 3799 &
355 3726 537 3799 Clafficum
562 3723 695 3796 Italiam
717 3721 898 3795 invasuros.
947 3727 1008 3791 An
1025 3723 1046 3791 si
1065 3721 1108 3790 ad
1134 3745 1222 3792 moe-

259 3851 286 3893 “
304 3844 360 3923 uia
377 3841 482 3922 Urbis
498 3841 664 3919 Germani
677 3840 838 3941 Gallique
853 3835 1031 3928 duxerint,
1057 3862 1150 3911 arma
1162 3864 1221 3940 pa
