3000 5144
342 554 414 622 224
557 526 599 599 C.
629 528 1100 603 ConnnrrrTacrrr

339 705 489 800 tempori
513 705 735 779 mendacium
751 703 828 795 suit,
847 704 1014 778 invidiam
1031 704 1233 800 crimenque
1249 729 1310 802 ag·

339 824 482 913 novisse,
509 828 542 895 δι
561 850 581 896 a
599 824 753 919 partibus
769 825 898 896 Vitellii
919 824 1078 896 amolitus
1093 822 1286 895 videbatur.

388 944 559 1016 LXXVI.
589 945 731 1014 Irsnunt
759 943 882 1015 diebus
913 946 959 1014 L.
984 941 1156 1029 Vitellius,
1199 941 1312 1037 posrtis

340 1062 435 1157 apud
451 1061 633 1132 Feroniam
659 1061 787 1152 castris,
813 1061 950 1133 excidio
969 1059 1165 1132 Tarracinae
1192 1059 1311 1131 immi·

339 1181 468 1263 nebat3
504 1182 623 1252 clausis
656 1179 726 1252 illic
765 1179 1008 1276 gladiatoribus
1040 1177 1311 1275 remigibusque,

340 1298 486 1394 quinon
502 1298 621 1394 egredi
638 1297 781 1388 moenia,
806 1323 920 1394 neque
932 1297 1125 1394 periculum
1138 1296 1174 1368 in
1190 1315 1311 1391 aperto

338 1417 524 1490 audebant.
569 1417 730 1505 Praeerat,
756 1414 905 1512 utsupra
922 1419 1205 1503 memoravimus,
1223 1414 1312 1507 Juli-

338 1561 424 1608 anus
442 1534 698 1632 gladiatoribus,
723 1534 932 1629 Apollinaris
949 1534 1150 1631 remigibus,
1176 1532 1312 1606 lascivis

338 1652 561 1748 socordiaque
583 1652 814 1750 gladiatorum
832 1653 955 1750 magis,
982 1653 1089 1748 quarn
1112 1654 1244 1726 ducum
1269 1655 1308 1724 sr-

339 1773 449 1845 miles.
498 1773 583 1842 Non
601 1771 737 1868 vigilias
764 1796 880 1867 agere,
907 1796 977 1842 non
1004 1771 1114 1843 intuta
1138 1770 1311 1844 moenium

338 1892 489 1979 firmare,
525 1892 630 1962 nodu
652 1889 780 1986 dieque
807 1889 910 1978 fluxi,
940 1892 974 1960 &
1003 1914 1141 1960 amoena
1168 1888 1309 1961 litorum

338 2011 570 2109 personantes,
596 2008 886 2082 inministerium
910 2009 1012 2080 luxbs
1035 2006 1188 2103 dispersis
1218 2007 1310 2079 mili·

337 2128 443 2219 ribus,
468 2130 513 2200 de
530 2130 624 2200 bello
641 2129 775 2201 tannim
792 2127 877 2200 inter
894 2127 1053 2199 convivia
1069 2128 1309 2223 loquebantur.

337 2249 472 2320 Paucos
496 2266 575 2318 ante
592 2245 665 2318 dies
681 2245 868 2319 discesserat
885 2245 1035 2342 Apinius
1053 2245 1141 2317 Tiro
1156 2273 1166 2330 3
1193 2244 1307 2319 donis·

337 2387 407 2460 que
435 2390 474 2436 ac
492 2362 644 2460 pecuniis
667 2363 788 2436 acerbe
805 2390 865 2461 per
892 2363 1080 2461 municipia
1103 2363 1308 2460 conquiren-

336 2481 404 2570 dis,
431 2483 508 2579 plus
526 2481 665 2554 invidiae
682 2483 790 2578 quam
809 2483 933 2555 virium
956 2482 1108 2578 partibus
1125 2484 1284 2555 addebat.

384 2603 572 2675 LXXVII.
598 2604 772 2674 lurnnrnr
790 2603 834 2673 ad
851 2601 1081 2673 L.Vitellium
1097 2601 1210 2673 servus
1221 2602 1307 2673 Ver-

338 2719 423 2818 ginii
446 2719 624 2818 Capitonis
643 2718 808 2817 perfugit,
837 2718 1090 2817 pollicitusque,
1119 2728 1145 2763 “
1171 2724 1192 2792 sr
1221 2746 1307 2817 prae-

337 2840 503 2912 “fidium
530 2839 712 2935 acciperet,
742 2864 887 2911 vacuam
916 2863 1029 2913 arcem
1055 2838 1172 2911 furtim
1201 2839 1306 2909 tradi-

337 2966 365 3001 “
383 2960 539 3047 turum,’'
563 2959 673 3030 multb
700 2959 800 3028 noue
816 2959 971 3030 cohortes
995 2957 1184 3053 expeditas,
1214 2958 1305 3029 sum·

334 3079 401 3149 mis
426 3076 599 3150 montium
620 3074 726 3172 jugis,
765 3074 863 3170 super
891 3095 993 3170 caput
1020 3076 1169 3148 hostium
1197 3077 1303 3148 sistit:

333 3197 416 3268 inde
442 3195 540 3268 miles
563 3196 607 3266 ad
634 3195 765 3266 caedem
794 3194 919 3289 magis,
953 3195 1058 3289 quam
1081 3196 1125 3265 ad
1151 3220 1307 3290 pugnam

333 3314 508 3388 decurrit:
548 3313 700 3385 sternunt
721 3313 881 3401 inermes,
912 3332 970 3384 aut
996 3338 1091 3384 arma
1121 3313 1305 3409 capientes,

336 3438 369 3506 &
387 3431 554 3529 quosdam
571 3430 690 3503 somno
708 3431 851 3519 excitos,
878 3433 957 3503 clrm
976 3432 1135 3519 tenebris,
1162 3457 1304 3527 pavore,

332 3551 443 3624 sonitu
455 3553 631 3638 tubarum,
650 3552 800 3622 clamore
816 3549 927 3621 hostili
941 3553 1166 3623 turbarentur.
1200 3550 1304 3623 Pauci

334 3670 564 3764 gladiatorum
579 3668 776 3757 resistentes,
795 3695 906 3765 neque
919 3669 1021 3741 inulti
1038 3670 1194 3741 ceciddre
1211 3700 1219 3741 :
1248 3696 1304 3742 ce-

334 3787 396 3859 teri
420 3788 465 3859 ad
482 3810 586 3858 naves
612 3789 768 3876 ruebant,
790 3788 851 3860 ubi
879 3791 1003 3860 cunda
1025 3789 1097 3884 pari
1122 3787 1306 3861 formidine

335 3902 613 3999 implicabantur,
640 3906 819 4001 permixtis
836 3908 993 4005 paganis,
1020 3933 1108 4004 quos
1124 3910 1219 3981 nullo
1239 3907 1305 3979 dis·
