3000 5144
266 540 333 612 190
493 513 535 586 C.
566 514 834 588 Conuantr
863 515 1058 590 Tnc1rt

258 688 432 761 abluendo
455 688 581 778 cruori,
607 689 751 788 propere
767 689 881 787 petit:
908 710 1054 786 excepta
1076 714 1149 762 vox
1164 689 1228 780 est,

260 808 343 880 cirm
360 827 514 902 teporem
533 807 722 893 incusaret;
750 816 777 850 “
795 808 909 881 statim
926 808 1095 897 futurum,
1114 830 1152 881 ut
1176 809 1231 881 in·
1338 889 1341 892 Α

259 932 287 967 “
306 924 543 998 calescerent.”
592 928 730 999 Vernile
750 927 884 1000 disium
901 952 1044 1000 omnem
1061 926 1232 1001 invidiam

257 1045 295 1116 in
320 1069 401 1117 eum
418 1043 533 1132 vertit,
572 1051 599 1086 “
629 1026 808 1142 tamquam
837 1048 973 1143 signum
1002 1045 1231 1120 incendendae

258 1168 286 1204 “
303 1164 484 1236 Cremonae
500 1163 683 1254 dediffet,''
709 1162 873 1261 quaejam
890 1167 1070 1261 flagrabat.

303 1284 478 1355 XXXIII.
495 1283 800 1380 annnumrn
815 1305 1032 1357 armatorum
1047 1283 1157 1358 millia
1170 1284 1226 1357 in·

258 1402 395 1496 rupere,
429 1403 591 1475 calonum
623 1401 841 1499 lixarumque
878 1402 1025 1498 amplior
1052 1428 1230 1493 nrrmerus,

259 1523 292 1592 δι
309 1520 346 1590 in
357 1518 537 1593 libidinem
554 1546 594 1595 ac
610 1520 772 1595 saevitiam
789 1519 993 1617 corruptior.
1042 1522 1128 1594 Non
1151 1521 1230 1620 dig-

259 1639 360 1727 nitas,
385 1665 455 1711 non
481 1659 561 1712 aetas
580 1643 795 1737 protegebat,
814 1642 999 1736 quominus
1027 1640 1143 1735 stupra
1163 1664 1231 1714 cae·

259 1757 375 1847 dibus,
401 1759 510 1831 caedes
527 1758 647 1855 stupris
665 1757 893 1832 miscerentur.
943 1758 1159 1832 Grandaevos
1182 1757 1232 1833 se·

259 1901 334 1965 nes,
360 1879 480 1949 exada
507 1897 605 1950 aetate
620 1876 778 1965 seminas,
809 1876 893 1949 viles
923 1879 967 1949 ad
997 1879 1164 1973 praedam,
1193 1877 1231 1951 in
1271 1936 1275 1947 .

260 1995 452 2069 ludibrium
468 1998 660 2069 trahebant.
710 1995 785 2071 Ubi
801 1997 919 2068 adulta
935 1995 1052 2093 virgo,
1077 2017 1137 2069 aut
1153 1997 1233 2093 quis

261 2112 371 2187 forma
388 2113 592 2211 conspicuus
620 2115 800 2202 incidisset,
829 2114 865 2186 vi
892 2114 1118 2211 manibusque
1143 2114 1233 2213 rapi·

261 2234 391 2305 entium
407 2232 569 2322 divulsus,
595 2234 685 2330 ipsos
702 2231 873 2330 postremi)
896 2233 1082 2329 direptores
1099 2233 1135 2306 in
1153 2259 1233 2307 mu·

262 2371 358 2423 tuam
377 2350 563 2446 perniciem
581 2355 728 2448 agebat:
752 2353 840 2424 dum
859 2352 1055 2447 pecuniam,
1081 2353 1137 2425 vel
1154 2378 1232 2451 gra-

261 2470 317 2543 via
338 2495 421 2542 auro
447 2471 658 2565 templorum
681 2472 785 2559 dona,
816 2469 878 2542 srbi
906 2470 1051 2567 quisque
1074 2472 1231 2563 trahunt,

261 2587 387 2687 majore
408 2586 551 2661 aliorum
577 2587 612 2660 vi
641 2591 897 2662 truncabantur.
947 2588 1102 2684 Qidam
1126 2589 1233 2664 obvia

260 2707 437 2806 aspernati,
454 2706 653 2797 verberibus
668 2705 913 2804 tormentisque
922 2707 1150 2781 dominorum
1168 2710 1231 2782 ab·

260 2829 333 2901 dita
356 2825 504 2915 scrutari,
532 2825 660 2899 defossa
677 2850 804 2898 eruere.
854 2827 960 2899 Faces
984 2825 1020 2898 in
1045 2826 1230 2901 manibus:

261 2973 359 3044 quas,
388 2945 449 3019 ubi
474 2946 626 3043 praedam
653 2947 853 3042 egesserant,
880 2945 915 3016 in
940 2971 1064 3018 vacuas
1091 2948 1232 3036 domos,

262 3070 294 3138 δι
313 3063 424 3137 inania
441 3066 584 3160 templa,
609 3088 671 3159 per
695 3061 866 3135 lasciviam
885 3062 1147 3159 jaculabantur:
1175 3085 1233 3139 ut·

261 3211 329 3281 que
346 3181 510 3270 exercitu,
543 3181 640 3254 vario
668 3181 808 3279 linguis,
838 3183 1006 3270 moribus,
1042 3183 1098 3257 cui
1122 3183 1231 3274 cives,

260 3303 356 3389 socii,
393 3301 524 3372 externi
555 3300 762 3388 interessent,
796 3301 934 3372 diversa
968 3301 1159 3396 cupidines,
1196 3307 1231 3376 δι

262 3422 356 3494 aliud
380 3419 504 3516 cuique
531 3418 593 3506 sas,
621 3419 904 3515 necquidquam
932 3420 1114 3492 inlicitum.
1164 3423 1232 3493 Per

262 3539 484 3638 quatriduum
502 3538 675 3610 Cremona
691 3536 833 3610 suffecit.
883 3539 977 3610 Cum
998 3538 1116 3610 omnia
1138 3538 1233 3616 sacra

262 3657 472 3753 profanaque
501 3654 536 3728 in
564 3655 643 3751 igne
670 3656 894 3743 considerent,
924 3654 1033 3728 solum
1061 3657 1233 3753 Mephitis

261 3778 432 3871 templum
459 3773 547 3846 stetit
573 3793 651 3847 ante
680 3772 822 3864 moenia,
851 3776 943 3867 Ioco,
981 3775 1038 3856 seu
1071 3776 1230 3870 numine,

263 3890 450 3975 defensum.
