3000 5144
399 530 644 603 Dranooos
679 549 736 601 nn
768 527 1091 602 Onaronrrns.
1188 555 1234 634 53

263 701 445 799 cepimus?
465 729 611 799 quarum
627 702 807 778 civitatum
824 702 1026 776 severiffima
1042 701 1235 800 disciplina,

263 827 299 895 a
343 822 552 896 severiffimae
596 824 690 921 leges
723 824 914 897 traduntur.
974 823 1033 895 Ne
1066 824 1236 899 Macedo-

264 966 352 1015 num
384 940 542 1037 quidem,
579 966 620 1015 ac
653 941 845 1033 Persarum,
875 959 936 1014 aut
970 939 1074 1013 ullius
1109 943 1236 1039 gentis,

262 1087 344 1158 qua
372 1082 467 1134 certo
491 1060 638 1158 imperio
666 1080 830 1135 contenta
854 1058 969 1150 suerit,
1004 1061 1240 1158 eloquentiam

263 1179 441 1254 novimus.
495 1179 630 1254 Rhodii
660 1180 821 1278 quidam,
848 1177 990 1277 plurimi
1014 1180 1239 1255 Athenienses

262 1319 414 1372 oratores
449 1298 664 1391 exstiterunt,
691 1301 785 1397 apud
810 1325 898 1397 quos
922 1297 1041 1373 omnia
1073 1301 1238 1396 populus,

262 1417 383 1490 omnia
417 1416 582 1514 imperiti,
611 1420 741 1507 omnia,
771 1438 810 1491 ut
844 1423 889 1492 fic
918 1417 1083 1506 dixerim,
1116 1440 1240 1491 omnes

263 1555 433 1634 poterant.
481 1537 613 1609 Nostra
641 1562 782 1635 quoque
810 1537 942 1628 civitas,
967 1538 1079 1610 donec
1102 1534 1239 1626 erravit,

261 1657 378 1729 donec
405 1654 439 1728 se
469 1656 638 1752 partibus,
673 1656 710 1728 δι
741 1656 1015 1745 dissenfionibus,
1050 1660 1083 1729 δι
1112 1652 1240 1728 discor·

261 1776 328 1849 diis
345 1773 508 1867 confecit,
525 1776 638 1871 donec
656 1777 750 1847 nulla
765 1775 830 1848 fuit
848 1776 883 1847 in
900 1774 975 1848 soro
992 1800 1075 1872 pax,
1093 1776 1189 1847 nulla
1204 1773 1242 1847 in

263 1894 381 1969 senatu
398 1893 595 1983 concordia,
613 1895 708 1966 nulla
723 1894 758 1966 in
768 1892 909 1992 judiciis
923 1892 1131 1982 moderatio,
1148 1895 1244 1970 nulla

263 2014 478 2113 superiorum
506 2012 708 2102 reverentia,
733 2014 849 2085 nullus
869 2011 1134 2108 magistratuum
1162 2037 1240 2085 mo·

262 2137 343 2225 dus,
376 2134 456 2208 tulit
496 2136 564 2206 sine
596 2131 705 2205 dubio
736 2130 961 2206 valentiorem
993 2130 1242 2227 eloquentiam,

263 2255 361 2329 ficuti
390 2251 580 2328 indomitus
607 2276 691 2350 ager
716 2253 822 2324 habet
848 2249 1013 2347 quasdam
1039 2251 1160 2324 herbas
1181 2250 1241 2323 lae·

262 2373 380 2447 tiores.
429 2374 496 2446 Sed
514 2399 578 2447 nec
595 2370 680 2445 tanti
697 2368 899 2467 reipublicae
913 2369 1153 2445 Gracchorum
1170 2369 1243 2441 elo·

265 2492 406 2588 quentia
427 2488 506 2578 suit,
525 2508 565 2561 ut
590 2488 814 2584 pateretur&
838 2490 951 2586 leges:
970 2513 1034 2562 nec
1053 2491 1153 2562 bonae
1172 2486 1242 2562 sor·

267 2635 362 2681 mam
381 2607 589 2705 eloquentia
606 2607 732 2680 Cicero
750 2606 810 2680 tali
828 2607 924 2679 exitu
948 2606 1111 2703 pensavit.

313 2729 415 2802 XLI.
440 2729 505 2800 Src
540 2751 698 2825 quoque,
730 2726 828 2822 quod
848 2724 995 2821 superest
1019 2749 1064 2796 ex
1092 2722 1242 2819 antiquis

268 2845 478 2936 oratoribus,
496 2845 624 2935 forum,
644 2869 716 2917 non
733 2846 938 2933 emendatae,
956 2868 1020 2916 nec
1036 2843 1181 2941 usquam
1197 2845 1243 2917 ad

264 2985 391 3039 votum
407 2968 622 3063 composita,
635 2963 783 3038 civitatis
797 2982 1042 3062 argumentum
1054 2961 1115 3036 est.
1154 2961 1244 3061 Quia

262 3084 358 3158 enirn
384 3111 448 3159 nos
473 3087 635 3175 advocat,
668 3083 730 3156 nist
761 3104 820 3157 aut
853 3107 995 3173 nocens,
1021 3101 1082 3155 aut
1115 3081 1240 3158 miser?

262 3206 364 3302 quod
397 3205 630 3303 municipium
664 3203 700 3275 in
734 3202 912 3276 civitatem
945 3201 1097 3285 nostram
1131 3202 1241 3293 venit,

263 3322 327 3396 nisr
345 3325 440 3419 quod
458 3343 516 3397 aut
539 3323 674 3397 vicinus
693 3323 859 3418 populus,
886 3340 946 3393 aut
968 3321 1158 3395 domestica
1173 3320 1241 3393 dis·

264 3441 384 3513 cordia
400 3442 528 3540 agitat?
557 3467 665 3539 quam
683 3439 901 3538 provinciam
918 3461 1068 3529 tuemur,
1087 3439 1147 3512 nist
1163 3438 1244 3535 spo-

268 3557 388 3632 liatam
413 3562 670 3657 vexatamque?
736 3560 847 3656 Atqui
874 3559 996 3632 melius
1024 3558 1137 3631 suiffet
1168 3581 1241 3630 non

266 3677 380 3775 queri,
411 3680 518 3776 quam
540 3677 722 3752 vindicari.
770 3677 879 3775 Qrdd
903 3681 925 3750 fi
953 3676 1163 3751 inveniretur
1177 3674 1240 3749 ali·

265 3821 337 3896 qua
369 3794 503 3891 civitas,
528 3797 565 3872 in
584 3800 655 3896 qua
677 3822 781 3872 nemo
809 3815 982 3895 peccaret,
1013 3793 1241 3893 supervacuus
