3000 5144
401 592 933 670 Hrs'sonrnttuqun.
962 598 1007 670 ll.
1136 620 1201 696 149

227 761 380 859 aquilam
406 763 556 858 praefeoi
584 767 770 840 castrorum
795 768 1008 867 tribunique,
1040 767 1204 865 &primi

226 880 484 972 centurionum,
512 885 659 959 candidi
689 886 804 960 veste:
837 888 952 977 ceteri,
974 886 1079 984 juxta
1106 885 1201 959 suam

226 1000 370 1097 quisque
385 1001 591 1091 centuriam,
614 1004 718 1077 armis
734 1005 902 1101 donisque
918 990 1102 1103 fulgentes.
1154 990 1202 1077 Et

226 1119 378 1192 militum
403 1122 552 1216 phalerae
575 1121 780 1220 torquesque
797 1122 1046 1220 splendebant:
1076 1124 1202 1196 decora

227 1237 343 1328 facies,
368 1244 402 1312 u
424 1265 497 1311 non
516 1239 655 1313 Vitellio
680 1241 843 1337 Principe
866 1244 994 1340 dignus
1018 1241 1201 1314 exercitus.

226 1356 280 1430 Sic
298 1357 510 1454 Capitolium
527 1359 706 1457 ingressus,
734 1380 838 1458 atque
863 1362 912 1435 ibi
941 1382 1084 1436 matrem
1102 1385 1199 1434 com·

227 1475 364 1572 plexus,
383 1476 528 1574 Augustae
543 1478 686 1552 nomine
707 1481 899 1553 honoravit.

274 1597 353 1670 XC.
394 1597 573 1670 Posrnnn
607 1597 679 1686 die,
721 1618 902 1696 tamquam
939 1600 1033 1696 apud
1065 1597 1200 1671 alterius

225 1715 374 1790 civitatis
389 1714 542 1789 senatum
561 1719 816 1815 populumque,
833 1719 1059 1817 magnificam
1076 1717 1200 1791 oratio·

226 1860 308 1908 nem
324 1836 369 1908 de
384 1833 564 1932 semetipso
581 1840 761 1934 prompsit,
791 1837 992 1910 industriam
1008 1858 1202 1932 temperan-

228 1953 383 2050 tiamque
399 1953 494 2028 suam
511 1956 669 2030 laudibus
691 1957 849 2029 attollens
864 1986 874 2043 ;
893 1955 1034 2030 consciis
1050 1954 1199 2052 flagitio·
1255 1972 1258 1977 ’

227 2096 306 2146 rum
322 2072 413 2170 ipsis,
439 2074 502 2171 qui
518 2076 672 2164 aderant,
690 2076 858 2172 omnique
875 2075 986 2165 Italia,
1013 2100 1074 2171 per
1091 2096 1199 2171 quam

227 2191 349 2266 somno
377 2197 409 2266 &
437 2196 525 2267 luxu
550 2196 734 2292 pudendus
757 2195 942 2268 incesserat.
992 2196 1128 2292 Vulgus
1149 2215 1200 2273 ta·

226 2337 321 2401 men,
338 2337 490 2387 vacuum
507 2314 611 2403 curis,
630 2319 664 2388 &
682 2317 750 2386 fine
767 2313 835 2387 falfi
853 2314 993 2411 verique
1009 2312 1201 2387 discrimine

223 2428 335 2504 solitas
347 2431 562 2506 adulationes
580 2434 756 2523 edoctum,
770 2435 966 2507 clamore&
983 2433 1126 2507 vocibus
1138 2434 1200 2506 ad·

226 2549 415 2647 strepebat:
443 2552 679 2650 abnuentique
696 2578 827 2626 nomen
843 2555 987 2651 Augusti,
1011 2549 1200 2651 expressere

227 2688 264 2743 ut
280 2671 484 2761 adsumeret,
502 2691 574 2745 tam
591 2670 724 2763 frustra,
744 2674 851 2770 quim
865 2673 1087 2746 recusaverat.

275 2791 372 2863 XCl.
408 2796 521 2863 Aron
545 2790 719 2864 civitatem
753 2794 878 2865 cunda
906 2791 1198 2887 interpretantem,

227 2907 349 2982 funesti
365 2909 491 2981 ominis
508 2911 589 2983 loco
605 2930 786 3007 acceptum
808 2909 871 3000 est,
895 2909 991 3007 quod
1008 2909 1202 2982 maximum

228 3027 466 3125 pontificatum
479 3030 624 3125 adeptus
640 3029 812 3118 Vitellius,
830 3032 875 3102 de
891 3029 1093 3103 caerimoniis
1110 3030 1201 3125 pub·

229 3147 301 3221 licis
319 3147 583 3243 quintodecimo
600 3149 773 3221 Kalendas
790 3149 939 3245 Augusti
951 3148 1121 3236 edixiffet,
1139 3172 1200 3220 an·

227 3265 371 3364 tiquitus
388 3266 534 3340 infausto
559 3267 615 3339 die
639 3269 848 3341 Cremerensi
866 3267 1076 3364 Alliensique
1093 3266 1201 3339 cladi·

228 3388 320 3459 busa
346 3387 434 3460 adei)
451 3386 565 3460 omnis
582 3385 728 3458 humani
752 3384 931 3484 divinique
953 3385 1040 3483 juris
1064 3410 1200 3481 expers,

228 3505 299 3602 pari
315 3506 516 3579 libertorum
532 3505 796 3603 amicorumque
812 3503 980 3593 socordis,
998 3505 1094 3577 velut
1112 3504 1201 3576 inter
1317 3600 1321 3606 .

226 3628 433 3698 temulentos
461 3630 596 3722 agebat.
646 3626 713 3697 Sed
740 3622 881 3696 comitia
913 3621 1093 3696 consulum
1118 3648 1201 3695 cum

228 3743 420 3818 candidatis
442 3743 587 3816 civiliter
602 3744 793 3829 celebrans,
811 3766 951 3813 omnem
970 3741 1100 3812 inlimae
1126 3742 1201 3837 ple·

228 3863 282 3938 bis
311 3889 500 3951 rumorem,
526 3863 563 3934 in
580 3865 713 3935 theatro
730 3881 769 3933 ut
793 3859 971 3958 spestator,
1001 3860 1036 3930 in
1054 3859 1145 3932 circo
1161 3880 1203 3935 ut

227 3982 352 4075 fautor,
376 3981 569 4058 adfefilavit.
618 3986 725 4080 Qua,
751 3979 945 4078 gratasane
963 3978 1201 4077 depopularis,
