3000 5144
259 486 307 638 aa
461 536 503 613 C.
534 533 806 612 Conrrrrr
838 535 1046 612 Tacrrr

259 709 520 785 commodatis:
585 713 761 809 longeque
809 710 963 782 interesse
1013 703 1237 781 manifestum

258 832 322 922 est,
358 832 523 927 poffideat
561 831 640 928 quis
671 856 750 928 quae
784 827 926 927 profert,
967 854 1012 901 an
1044 845 1238 900 mutuetur.

259 948 399 1023 Deinde
439 946 510 1045 ipsa
550 951 739 1023 multarum
781 948 909 1022 artium
950 945 1088 1020 scientia
1128 943 1238 1018 etiam

259 1067 354 1140 aliud
386 1087 525 1164 agentes
549 1093 611 1140 nos
636 1089 750 1158 ornat,
778 1088 883 1166 atque
903 1065 964 1139 ubi
993 1065 1138 1138 minimd
1161 1089 1239 1138 cre·

260 1187 335 1274 das,
363 1186 490 1257 eminet
517 1187 554 1257 δι
579 1188 727 1260 excellit.
777 1188 888 1284 quue
916 1212 986 1259 non
1007 1186 1131 1257 dodus
1158 1208 1238 1257 mo·

259 1301 309 1378 do
338 1304 548 1400 &prudens
574 1305 723 1397 auditor,
750 1304 936 1379 sedetiam
961 1305 1111 1401 populus
1134 1303 1239 1375 intel·

261 1421 365 1521 ligit:
401 1447 441 1495 ac
475 1421 589 1495 statim
618 1423 664 1495 ita
689 1424 793 1497 laude
822 1423 1052 1522 prosequitur,
1082 1442 1121 1494 ut
1146 1420 1238 1519 legi·

260 1542 346 1616 time
374 1540 550 1631 studuisse,
576 1561 615 1615 ut
642 1568 703 1639 per
731 1568 852 1616 omnes
877 1541 1082 1639 eloquentiae
1111 1565 1237 1613 nume·

261 1686 318 1734 ros
349 1657 422 1747 isse,
455 1680 495 1732 ut
526 1661 679 1758 denique
712 1682 885 1735 oratorem
918 1661 1022 1735 etiam
1062 1659 1235 1733 fateatur:

262 1803 370 1876 quern
387 1804 457 1852 non
486 1781 579 1875 posse
591 1779 687 1852 aliter
702 1779 872 1870 exsistere,
891 1805 955 1853 nec
971 1778 1130 1852 exstitisse
1156 1803 1238 1850 urn-

261 1923 369 1996 quam
386 1899 571 1988 confirm0,
589 1899 648 1971 nisr
662 1923 756 1988 eum,
775 1899 851 1997 qui,
876 1919 1056 1995 tamquam
1073 1898 1109 1970 in
1124 1898 1238 1972 aciem
1320 1933 1324 1936 ·

261 2016 424 2091 omnibus
447 2016 548 2090 armis
572 2017 766 2107 instrudlus,
796 2021 840 2092 sic
865 2016 901 2091 in
928 2015 1043 2090 sorum
1071 2016 1240 2090 omnibus

260 2136 392 2210 artibus
414 2157 564 2207 armatus
588 2135 728 2207 exierit:
754 2137 849 2233 quod
871 2134 960 2209 aded
983 2135 1170 2233 negligitur
1192 2136 1240 2209 ab

260 2255 387 2329 horum
404 2272 604 2348 temporum
627 2251 771 2341 disertis,
799 2273 837 2325 ut
853 2254 888 2326 in
905 2255 1096 2328 adionibus
1112 2280 1239 2329 eorum

260 2369 320 2445 fex
338 2394 480 2467 quoque
498 2369 688 2465 quotidiani
704 2370 881 2463 sermonis,
904 2372 999 2446 soeda
1015 2398 1056 2446 ac
1073 2374 1241 2470 pudenda

260 2487 344 2563 vitia
360 2473 676 2584 deprehendantur,
705 2509 745 2562 ut
769 2489 932 2588 ignorent
961 2482 1068 2590 leges,
1093 2519 1165 2565 non
1186 2513 1240 2566 te·

260 2627 363 2683 neant
379 2605 747 2705 senatusconsulta,jus
764 2609 909 2684 civitatis
926 2613 1017 2684 ultro
1032 2612 1238 2687 derideant:

261 2725 431 2825 sapientiae
455 2723 539 2798 rerd
567 2726 719 2801 studium
748 2729 785 2800 δι
813 2749 984 2825 pracepta
1012 2732 1241 2826 prudentium

262 2846 398 2944 penitus
423 2843 660 2934 reformident,
691 2848 725 2918 in
749 2849 960 2944 paucissimos
981 2849 1092 2923 sensus
1116 2850 1153 2921 δι
1177 2877 1241 2922 an·
1268 2872 1269 2875 ’

263 2966 375 3065 gustas
407 2964 587 3037 sententias
619 2967 803 3039 detrudant
844 2970 1091 3066 eloquentiam,
1141 2972 1241 3042 velut

262 3083 441 3182 expulsam
460 3109 567 3179 regno
584 3082 666 3156 suo:
686 3105 724 3157 ut
742 3111 819 3182 quae
837 3087 922 3159 olim
939 3089 1097 3160 omnium
1113 3088 1240 3161 artium

262 3205 408 3279 domina
436 3202 667 3299 pulcherrimo
696 3206 864 3279 comitatu
893 3210 1028 3304 pedora
1054 3208 1240 3301 implebat,

262 3349 357 3397 nunc
374 3319 573 3396 circumcisa
595 3323 631 3392 dt
656 3343 845 3419 amputata,
872 3328 939 3398 fine
964 3347 1141 3422 apparato,
1170 3328 1241 3398 fine

262 3445 408 3530 honore,
438 3466 536 3536 paene
552 3441 698 3513 dixerim
721 3446 789 3515 siue
804 3444 1030 3540 ingenuitate,
1057 3448 1149 3542 quast
1167 3471 1238 3519 una

263 3587 308 3634 ex
326 3559 554 3633 sordidissimis
571 3561 733 3651 artificiis,
757 3561 914 3634 discatur.
965 3566 1044 3660 Ego
1062 3565 1151 3635 hanc
1169 3563 1239 3659 pri·

263 3706 358 3754 mam
386 3684 418 3751 δι
445 3680 655 3776 praecipuam
682 3680 816 3754 causam
842 3682 997 3771 arbitror,
1026 3709 1087 3755 cur
1104 3703 1243 3760 tantum

262 3803 308 3871 ab
334 3799 529 3893 eloquenti&
549 3800 774 3896 antiquorum
798 3823 972 3874 oratorum
995 3801 1238 3875 recesserimus.

264 3915 299 3987 Si
332 3916 432 3989 testes
456 3919 702 4011 defiderantur,
737 3947 824 4019 quos
852 3921 1000 4019 potiores
1031 3920 1237 4012 nominab0,
