3000 5144
357 480 426 550 242
580 458 622 533 C.
659 458 904 532 Connsau
932 459 1109 537 Tacrrt

406 628 467 698 IV.
491 628 680 699 Mrsanar
710 632 744 703 a
769 628 957 703 Mucianus
977 630 1137 727 epistolas
1166 631 1213 703 ad
1234 630 1329 707 [ωι-

359 765 450 832 tum,
476 770 554 840 que
579 745 758 817 materiam
786 745 998 820 sermonibus
1024 748 1219 844 praebuere:
1249 755 1276 790 “
1294 747 1332 824 Si

361 870 388 905 “
407 862 561 959 privatus
577 864 672 951 effer,
700 889 761 936 cur
777 865 914 959 publici
939 868 1160 962 loqueretur?
1186 865 1334 962 potuiffe
1393 868 1396 873 ’

362 988 390 1024 “
408 982 543 1069 eadem,
570 1005 698 1077 paucos
716 983 793 1078 post
816 984 904 1071 dies,
928 986 1006 1059 loco
1022 984 1193 1062 sententiae
1206 984 1280 1059 dici
1293 985 1332 1057 a''

360 1098 430 1195 ipsa
457 1124 599 1196 quoque
626 1099 799 1174 insedatio
820 1101 856 1173 in
872 1102 1064 1191 Vitellium,
1089 1101 1173 1191 sera,
1204 1107 1238 1176 sc
1263 1107 1333 1177 line

359 1217 526 1291 libertate.
575 1219 617 1291 Id
640 1218 722 1291 verd
746 1245 827 1316 erga
853 1221 1106 1316 rempublicam
1129 1219 1331 1315 superbum,

358 1360 442 1433 erga
458 1335 654 1431 Principem
674 1336 977 1428 contumeliosum,
1003 1340 1099 1435 quod
1129 1346 1155 1381 “
1173 1338 1210 1411 in
1225 1364 1334 1413 manu

361 1461 389 1499 “
407 1452 464 1526 sus
490 1451 588 1527 fuifl'e
614 1451 813 1549 imperium,
838 1456 1076 1552 donatumque
1104 1455 1334 1552 Vespasiano”

356 1568 520 1668 jadiabat.
569 1572 733 1645 Ceterdrn
766 1565 897 1647 invidia
927 1574 961 1647 in
990 1575 1153 1660 occulto,
1177 1575 1334 1651 adulatio

361 1690 398 1765 in
425 1709 542 1785 aperto
567 1709 681 1763 erant:
718 1693 831 1763 multo
859 1717 942 1767 cum
970 1693 1099 1765 bonom
1126 1695 1331 1780 verborum,

362 1814 390 1852 “
409 1807 578 1883 Muciano
594 1809 840 1905 triumphalia''
855 1810 1003 1885 debello
1015 1809 1107 1885 civili
1122 1812 1215 1885 data.
1262 1812 1332 1887 Sed

364 1935 392 1974 “
411 1928 447 2005 io
466 1929 636 2001 Sarmatas
661 1927 862 2024 expeditio'’
887 1930 1094 2025 fingebatur.
1143 1930 1335 2003 Addunrut

363 2046 524 2120 “Primo
553 2045 710 2121 Antonio
739 2044 937 2133 consularia,
970 2046 1131 2119 Cornelio
1158 2045 1270 2121 Fusco
1296 2052 1333 2123 dt

362 2173 390 2210 ‘⁶
408 2164 511 2237 Arrio
533 2166 626 2235 Varo
645 2163 804 2257 praetoria
828 2162 1005 2261 insignia”
1051 2168 1145 2239 Mox
1167 2166 1252 2241 deos
1278 2190 1331 2239 re·

360 2283 524 2378 lpcxdre:
553 2288 580 2323 “
600 2279 754 2353 restitui”
782 2281 912 2375 placuit
930 2289 957 2325 “
975 2282 1219 2379 Capitolium.'’
1261 2286 1332 2357 Ea·

362 2424 432 2496 que
454 2397 570 2470 omnia
587 2397 744 2471 Valerius
771 2399 953 2488 Asiaticus,
977 2399 1096 2476 consul
1121 2402 1333 2500 dcfignatus,

364 2516 505 2593 censuit.
554 2515 680 2603 Ceteri,
703 2517 803 2591 vultu
833 2542 1026 2615 manuque;
1056 2518 1171 2615 pauci,
1204 2520 1334 2616 quibus
1376 2610 1381 2617 ³

361 2635 547 2732 conspicua
561 2633 725 2731 dignitas,
751 2655 810 2709 aut
825 2634 1006 2733 ingenium
1022 2638 1218 2712 adulatione
1233 2662 1333 2717 exer·

361 2756 486 2842 citum,
503 2753 699 2851 compositis
711 2751 921 2827 orationibus
933 2753 1216 2830 adsentiebantur.
1256 2758 1333 2831 Ubi

258 2880 286 2933 -’
352 2872 407 2949 'ad
442 2871 648 2947 Helvidium
681 2871 849 2958 Priscum,
892 2893 1070 2970 praetorem
1102 2875 1333 2971 designatum,

363 3010 520 3076 uentum,
543 2992 707 3084 prompsit
734 2989 945 3079 sententiam,
974 3012 1012 3064 ut
1039 2992 1267 3067 honorificam
1297 2993 1335 3065 in

364 3113 497 3184 bonum
513 3108 722 3202 Principem,
750 3106 796 3179 ita
812 3106 892 3182 falsa
911 3111 1068 3199 aberant,
1095 3115 1127 3184 δι
1146 3109 1264 3184 studiis
1284 3109 1334 3185 se·

364 3231 463 3300 natds
495 3228 725 3299 attollebatur.
789 3223 889 3321 Isque
922 3227 1114 3323 praecipuus
1154 3228 1204 3301 illi
1245 3228 1336 3318 dies,

365 3371 503 3441 magnae
521 3343 655 3417 offensa
673 3342 823 3429 initium,
844 3348 1028 3441 &magnae
1047 3345 1164 3442 glorie
1183 3345 1260 3419 fuit.

411 3468 454 3534 V.
482 3467 561 3535 Res
591 3461 725 3556 poscere
752 3461 901 3549 videtur,
927 3463 1008 3558 quia
1030 3461 1156 3537 iterum
1179 3463 1213 3535 in
1236 3489 1336 3538 men·

363 3583 495 3657 tionem
514 3579 698 3653 incidimus
709 3579 772 3651 viri
790 3579 907 3675 saepius
923 3581 1150 3671 memorandi,
1169 3603 1208 3654 ut
1225 3582 1335 3659 vitam

361 3700 542 3794 studiaque
559 3696 640 3794 ejus,
667 3701 699 3770 &
719 3698 811 3794 quali
828 3697 962 3773 fortuni
987 3702 1025 3771 srt
1040 3699 1131 3788 usus,
1150 3701 1265 3796 paucis
1281 3727 1334 3775 re·

363 3837 491 3914 petam.
540 3815 726 3889 Helvidius
743 3814 886 3907 Priscus,
903 3816 1044 3917 regione
1067 3818 1190 3911 Italia,
1211 3822 1334 3895 Tarra·
