3000 5144
357 556 425 624 ¹24
545 530 888 606 cconnntu
923 533 1127 608 Tnctrr

327 783 331 790 ,
395 705 495 777 LVI.
520 707 715 779 Crrrnunr
744 706 841 779 Italia
865 707 1005 805 gravius
1033 726 1138 805 atque
1156 707 1317 798 atrocius,

347 825 455 920 quam
478 825 571 897 bello
595 824 853 898 adfliftabatur:
878 824 1014 923 disperfi
1043 851 1104 923 per
1131 825 1319 922 municipia

347 947 383 1015 δι
408 941 561 1016 colonias
584 942 771 1032 Vitelliani,
799 942 957 1040 spoliare,
984 969 1115 1040 rapere,
1144 943 1179 1015 vi
1197 949 1230 1018 δι
1248 944 1318 1017 stu·

346 1061 415 1159 pris
442 1063 620 1157 polluere:
650 1061 687 1133 in
720 1087 825 1135 omne
851 1060 902 1136 fas
927 1060 1089 1160 nefasque
1117 1061 1224 1151 avidi,
1259 1083 1318 1136 aut

346 1182 498 1271 venales,
523 1205 593 1252 non
611 1179 716 1268 sacro,
741 1205 814 1253 non
831 1179 975 1276 profano
998 1181 1222 1254 abstinebant.
1273 1182 1320 1254 Et

347 1296 455 1386 futre,
491 1299 551 1395 qui
581 1297 739 1372 inimicos
766 1298 841 1372 suos
869 1297 978 1396 specie
1009 1299 1160 1372 militum
1188 1299 1318 1372 interfi-

348 1434 483 1490 cerent:
517 1415 647 1514 ipfique
665 1417 804 1507 milites,
837 1418 1021 1515 regionum
1039 1417 1151 1515 gnari,
1178 1415 1318 1491 refertos

346 1560 463 1633 agros,
492 1535 581 1609 dites
598 1537 761 1609 dominos
782 1536 818 1608 in
835 1537 1003 1632 pradum,
1030 1555 1089 1609 aut
1106 1539 1128 1609 si
1146 1560 1317 1633 repugna-

346 1673 423 1728 tum
445 1652 545 1742 foret,
564 1655 607 1728 ad
625 1655 801 1728 excidium
816 1654 1046 1743 destinabant,
1063 1654 1226 1728 obnoxiis
1250 1655 1316 1725 du·

238 1808 243 1820 ·
346 1773 457 1861 cibus,
488 1772 726 1868 &prohibere
751 1799 821 1845 non
842 1776 945 1845 ausis:
975 1772 1088 1845 minut
1110 1773 1258 1847 avaritiae
1279 1772 1318 1847 in

347 1892 500 1981 caecins,
534 1893 611 1988 plus
638 1891 864 1967 ambitionis:
901 1893 1042 1982 Valens,
1075 1894 1123 1965 ob
1156 1893 1249 1965 lucra
1282 1897 1316 1968 &

348 2010 498 2109 quaestus
523 2010 671 2101 infamis,
702 2013 813 2109 eoque
828 2010 946 2083 alienae
971 2011 1075 2084 etiam
1101 2011 1211 2107 culpae
1227 2010 1318 2083 dilli-

348 2133 508 2204 mulator.
551 2133 632 2224 Jam
660 2130 795 2226 pridem
824 2128 947 2202 attritis
970 2109 1077 2203 ltaliae
1101 2133 1215 2218 rebus,
1242 2149 1317 2201 tan-

346 2267 423 2321 tum
441 2248 597 2345 peditum
614 2247 855 2345 equitumque,
885 2247 952 2338 vis,
974 2249 1183 2346 damnaque,
1213 2254 1246 2322 ὅτ
1263 2248 1316 2323 in·

341 2363 459 2464 juriae,
485 2366 576 2464 aegrt
593 2367 833 2441 tolerabantur.

393 2486 510 2558 LVII.
535 2486 709 2557 Inranru
743 2485 917 2576 Vitellius,
953 2484 1109 2559 vittoriae
1142 2485 1210 2561 suae
1243 2486 1316 2560 nes-

346 2605 437 2694 cius,
461 2622 502 2676 ut
526 2603 571 2675 ad
590 2603 760 2701 integrum
777 2605 923 2694 bellum,
953 2604 1101 2701 reliquas
1119 2606 1317 2679 Germanici

347 2722 519 2797 exercitlls
542 2721 630 2794 vires
646 2724 815 2796 trahebat.
864 2722 969 2796 Pauci
987 2744 1144 2798 veterum
1166 2725 1317 2797 militurn

348 2842 383 2915 in
401 2818 552 2915 hibernis
569 2840 689 2930 relicti,
713 2838 876 2914 festinatis
894 2867 954 2939 per
970 2842 1099 2916 Gallias
1115 2843 1317 2933 deledlibus

348 2981 386 3033 ut
414 2958 664 3033 remanentium
692 2959 867 3056 legionum
893 2961 1037 3035 nomina
1067 2961 1316 3058 supplerentur.

347 3081 440 3152 Cura
456 3079 538 3175 ripae
556 3078 763 3152 Hordeonio
777 3080 904 3152 Flacco
922 3080 1100 3175 permissa:
1126 3081 1193 3176 ipse
1209 3105 1228 3151 e
1246 3082 1316 3154 Bri·

347 3197 488 3272 tannico
504 3197 639 3269 deletu]
656 3199 736 3268 odo
760 3197 867 3270 millia
891 3199 950 3271 fibi
972 3198 1150 3297 adjunxit:
1182 3205 1213 3271 δι
1233 3226 1316 3296 pau-

348 3342 472 3389 corum
495 3315 629 3388 dierum
658 3316 719 3388 iter
740 3318 946 3413 progressus,
975 3315 1195 3414 “prosperas
1223 3321 1317 3413 apud

350 3443 379 3478 “
397 3433 602 3507 Bebriacum
635 3460 700 3523 res,
741 3459 782 3507 ac
811 3455 920 3509 morte
950 3436 1100 3508 Othonis
1133 3437 1317 3510 concidisse

351 3562 378 3597 “
398 3554 552 3625 bellu1n”
585 3553 728 3648 accepit.
786 3554 919 3626 Vocat&
946 3554 1129 3644 concione,
1152 3556 1316 3629 virtutem

351 3672 502 3746 militum
530 3672 687 3744 laudibus
713 3672 877 3745 tumulat.
927 3672 1122 3745 Postulante
1151 3675 1316 3763 exercitu,

351 3797 378 3832 “
398 3809 433 3861 ut
451 3789 611 3861 libertum
633 3787 746 3877 lirum,
775 3789 977 3878 Asiaticum,
990 3790 1134 3886 equestri
1145 3791 1315 3889 dignitate

352 3915 379 3952 “
399 3908 575 3997 donaret,’'
608 3906 821 3980 inhonestam
849 3909 1081 3982 adulationem
1113 3910 1313 4007 compescit.
