3000 5144
316 547 322 554 ’
404 526 792 602 Hrsronrnnun
828 530 935 602 Lrs.
974 530 1020 602 11.
1135 558 1176 628 9¹

207 702 339 774 diderat
377 701 524 799 gloriam
557 703 667 791 Nero,
701 704 876 801 eligendo,
913 724 950 775 ut
982 703 1182 799 potiffimos.

205 821 313 892 Unde
331 823 435 918 longa
453 821 518 893 illis
541 846 624 917 erga
640 823 821 894 Neronem
838 823 937 910 fides,
965 825 997 894 δι
1015 823 1127 893 creua
1145 822 1181 892 in

204 941 383 1012 Othonem
401 939 524 1013 studia.
574 940 641 1012 Sed
659 939 729 1036 qud
748 942 824 1036 plus
836 940 961 1011 virium
974 963 1014 1011 ac
1033 939 1180 1041 roboris,

206 1083 226 1130 e
259 1057 389 1130 fiducia
416 1057 554 1130 tarditas
582 1057 714 1130 inerat:
746 1083 874 1154 agmen
900 1058 1092 1154 legionum,
1120 1060 1183 1129 alae

207 1176 436 1273 cohortesque
464 1175 731 1271 praeveniebant.
783 1179 838 1247 Ex
866 1175 939 1272 ipsis
966 1178 1067 1248 Urbe
1090 1176 1185 1248 haud

206 1297 396 1393 spernenda
417 1320 553 1382 manus,
580 1294 736 1392 quinque
757 1293 926 1390 praetoriae
948 1296 1121 1382 cohortes,
1147 1299 1182 1366 δε

170 1425 173 1431 ’
206 1414 364 1513 equitum
389 1413 517 1486 vexilla
540 1437 622 1486 cum
645 1413 784 1510 legione
814 1414 939 1509 prima,
962 1439 1001 1485 ac
1029 1411 1185 1484 deforme

207 1532 343 1629 insuper
358 1531 543 1621 auxilium,
568 1533 639 1604 duo
656 1533 764 1605 millia
782 1531 1025 1629 gladiatorum,
1051 1531 1106 1604 sed
1124 1557 1187 1629 per

206 1651 323 1723 civilia
339 1677 435 1724 arma
452 1651 555 1724 etiam
568 1649 690 1723 severis
702 1651 850 1723 ducibus
868 1650 1076 1747 usurpatum.
1115 1652 1185 1725 His

208 1770 315 1867 copiis
331 1772 439 1842 reslor
455 1769 593 1842 additus
611 1770 748 1842 Annius
762 1771 898 1858 Gallus,
922 1795 1004 1842 cum
1022 1769 1187 1842 Vestricio

208 1889 379 1987 Spurinna
405 1892 450 1961 ad
480 1889 700 1984 occupandas
730 1888 815 1960 Padi
846 1887 936 1983 ripas
967 1888 1182 1984 praemiffus:

210 2008 376 2105 quoniam
417 2007 527 2105 prima
566 2007 787 2080 consrliorum
820 2006 943 2079 frustra
976 2008 1184 2099 ceciderant,

207 2126 408 2225 transgresso
432 2125 507 2223 jam
542 2128 650 2223 Alpes
678 2127 828 2215 Caecinal,
862 2152 968 2223 quem
1003 2126 1067 2199 fisti
1097 2128 1186 2202 intra

207 2247 337 2320 Gallias
366 2248 459 2341 polle
476 2244 678 2341 speraverat.
727 2245 844 2342 lpsum
867 2248 1046 2319 Othonem
1075 2246 1185 2320 comi·

208 2368 369 2439 tabantur
389 2365 638 2461 speculatorum
657 2366 744 2437 lecta
771 2390 930 2460 corpora,
957 2391 1039 2438 cum
1069 2366 1186 2439 ceteris

209 2483 375 2580 praetoriis
392 2483 606 2572 cohortibus,
629 2483 781 2556 veterani
798 2510 817 2556 e
835 2483 1007 2579 praetorio,
1023 2486 1185 2558 'claffico-

210 2628 288 2675 rum
305 2602 427 2700 ingens
438 2628 613 2704 numerus.
648 2605 725 2675 Nec
736 2603 783 2675 illi
796 2601 898 2700 segne
910 2622 970 2675 aut
981 2625 1186 2700 corruptum

210 2722 296 2795 luxu
313 2722 399 2795 iter:
428 2722 485 2796 sed
504 2723 608 2796 lorica
633 2722 739 2795 ferrea
756 2723 832 2795 usus
847 2724 909 2812 est,
940 2726 973 2794 δι
996 2743 1074 2795 ante
1090 2727 1186 2820 figna

213 2840 383 2937 pedester,
399 2842 571 2931 horridus,
589 2841 802 2937 incomptus,
820 2840 992 2938 samaeque
1007 2840 1186 2913 dillimilis.

256 2963 337 3034 XII.
363 2963 683 3033 Banuoresnrun
712 2960 834 3055 coeptis
860 2959 1012 3048 fortuna,
1040 2959 1181 3055 possessa

210 3104 271 3175 per
285 3104 379 3151 mare
397 3084 430 3151 ἃ
453 3104 556 3150 naves
574 3076 702 3173 majore
727 3079 834 3150 ltaliae
852 3098 960 3174 parte,
979 3079 1113 3175 penitus
1131 3077 1184 3150 us·

211 3223 280 3294 que
317 3199 360 3271 ad
397 3197 535 3270 initium
568 3196 817 3269 maritimarum
851 3198 1022 3294 Alpium:
1058 3198 1185 3294 quihus

211 3317 396 3407 tentandis,
415 3314 731 3414 adgrediendaeque
750 3315 939 3411 provincia
955 3318 1184 3406 Nar·bonens1‚

212 3436 378 3510 Suedium
406 3439 639 3524 Clementem,
668 3434 866 3507 Antonium
890 3436 1095 3524 Nouellum,
1120 3437 1186 3509 AE·

210 3556 347 3629 milium
378 3554 561 3627 Pacensem
590 3557 696 3626 duces
720 3554 870 3626 dederat.
930 3555 997 3625 Sed
1030 3555 1185 3627 Pacensrs

213 3700 273 3770 per
293 3674 468 3747 licentiam
496 3673 646 3745 militum
670 3672 827 3745 vinctus:
859 3672 1015 3746 Antonio
1032 3675 1185 3746 Novello

212 3794 307 3864 nulla
323 3792 525 3866 ausloritas:
557 3792 701 3864 Suedius
726 3793 887 3864 Clemens
911 3792 1091 3864 ambitioso
1119 3793 1185 3866 im·

212 3910 307 4011 perio
332 3912 486 4008 regebat,
516 3931 553 3983 ut
581 3911 742 3983 adversus
768 3912 973 3986 modestiam
997 3911 1184 4012 disciplinae
