3000 5144
334 566 399 642 ¹32
547 543 1145 619 C.Conuar11Tac1rr

377 717 546 790 LXVIII.
574 723 630 792 Er
661 718 804 816 quidem
836 737 951 814 partes¹
973 715 1125 790 modeste
1158 713 1301 786 distrax-

330 856 423 907 erat:
450 840 543 931 apud
560 838 706 910 vidores
722 858 795 909 orta
811 835 943 925 seditio,
963 835 1096 908 ludicro
1115 833 1225 921 initio,
1244 834 1304 906 nisa
1402 879 1407 887 -

330 980 495 1026 numerus
508 954 670 1028 caesorum
684 955 851 1027 invidiam
869 955 961 1027 bello
977 953 1130 1027 auxisset.
1180 951 1304 1025 Discu-

332 1074 450 1146 buerat
475 1073 633 1146 Vitellius
660 1072 790 1160 Ticini,
816 1072 972 1146 adhibito
999 1075 1044 1145 ad
1072 1074 1190 1169 epulas
1217 1074 1303 1143 Ver·

334 1190 439 1288 ginio.
490 1191 617 1290 Legati
644 1191 860 1289 tribunique,
895 1217 939 1264 ex
971 1192 1124 1264 moribus
1158 1182 1326 1287 impera-⁴

331 1329 461 1401 torum,
499 1311 714 1385 severitatem
744 1313 960 1401 aemulantur,
1002 1312 1057 1383 vel
1092 1309 1304 1406 tempestivis

331 1430 501 1503 conviviis
530 1432 705 1528 gaudent:
743 1430 884 1527 perinde
919 1429 1017 1503 miles
1047 1429 1213 1518 intentus,
1244 1448 1304 1502 aut

330 1549 473 1622 licenter
508 1550 591 1647 agit.
651 1550 759 1646 Apud
792 1548 971 1621 Vitellium
1008 1549 1125 1622 omnia
1148 1548 1303 1645 indispo-

331 1672 403 1757 sita,
451 1670 652 1758 temulenta,
704 1666 890 1765 pervigiliis
934 1693 974 1741 ac
1021 1667 1304 1758 Bacchanalibus,

331 1789 441 1885 quam
464 1786 651 1884 disciplinae
675 1791 707 1859 δι
735 1785 845 1859 castris
861 1786 1028 1883 propiora.
1079 1787 1192 1885 Igitur
1214 1787 1303 1860 duo-

332 1909 398 1980 bus
416 1905 596 1996 militibus,
614 1908 721 1979 altero
739 1905 883 2003 legionis
900 1905 1044 2003 quintae,
1063 1907 1168 1978 altero
1185 1932 1204 1978 e
1221 1908 1305 1979 Gal·

330 2025 372 2098 lis
400 2025 633 2116 auxiliaribus,
665 2051 724 2122 per
756 2023 928 2098 lasciviam
959 2025 1005 2097 ad
1029 2046 1202 2098 certamen
1230 2027 1303 2099 Iuc-

331 2145 427 2216 tandi
456 2147 615 2234 accensis,
648 2144 830 2240 postquam
863 2143 1067 2240 legionarius
1096 2143 1302 2240 prociderat,

331 2261 511 2335 insultante
528 2265 644 2352 Gallu,
676 2267 710 2336 δι
733 2261 789 2351 iis,
819 2262 879 2360 qui
907 2263 949 2334 ad
977 2262 1201 2359 spestandum
1219 2288 1302 2335 con-

332 2402 512 2470 venerant,
535 2380 570 2452 in
588 2381 696 2454 studia
711 2380 885 2467 diduslis3
915 2382 1058 2477 erupsre
1075 2381 1251 2478 legionarii
1268 2381 1304 2454 in

331 2500 519 2599 perniciem
537 2499 759 2588 auxiliorum,
783 2525 822 2572 ac
836 2500 914 2572 duae
931 2501 1087 2572 cohortes
1106 2497 1303 2574 intersedae.

333 2619 546 2695 Remedium
576 2620 745 2691 tumultus
766 2616 830 2691 fuit
857 2618 944 2691 alius
968 2620 1161 2692 tumultus:
1191 2620 1305 2716 pulvis

330 2742 465 2838 procul,
494 2743 526 2811 &
551 2763 646 2810 arma
669 2737 942 2833 aspiciebantur:
973 2739 1225 2812 conclamatum
1251 2765 1301 2813 re·

331 2860 434 2957 pente
454 2866 480 2902 “
500 2856 827 2956 quartamdecimam
845 2855 1034 2954 legionem,
1060 2855 1157 2930 verso
1169 2857 1302 2949 itinere,

333 2979 423 3050 “ad
455 2977 620 3074 proelium
637 2974 754 3047 venire
770 2977 806 3046 :”
835 2973 891 3046 sed
916 2996 1012 3047 erant
1035 2975 1182 3072 agminis
1204 3002 1302 3050 coac·

332 3119 448 3171 tores:
480 3095 603 3192 agniti,
633 3096 815 3191 dempssre
834 3091 1114 3194 sollicitudinem.
1164 3097 1304 3170 Interim

331 3214 486 3313 Verginii
503 3213 615 3286 servus
634 3212 720 3285 forte
737 3212 875 3303 obvius,
900 3232 938 3284 ut
956 3218 984 3254 “
1002 3216 1173 3310 percussor
1192 3215 1302 3287 Vitel-

331 3344 358 3380 “
378 3335 688 3407 lii''ins1mulatur:
715 3335 886 3405 &ruebat
903 3333 947 3404 ad
967 3333 1169 3406 convivium
1190 3333 1302 3425 miles,

332 3462 359 3497 “
377 3474 523 3526 mortem
537 3451 665 3550 Vergin
727 3449 924 3548 exposcens.
974 3455 1032 3525 Ne
1049 3453 1206 3526 Vitellius
1225 3455 1302 3550 qui-

332 3575 429 3661 dem,
458 3577 677 3668 quamquam
701 3571 745 3643 ad
774 3596 894 3643 omnes
917 3569 1120 3667 suspiciones
1144 3571 1303 3667 pavidus,

331 3695 375 3765 de
389 3691 583 3763 innocentis
599 3689 669 3788 ejus
686 3689 858 3762 dubitavit
874 3717 883 3760 ι
910 3690 1002 3786 aegre
1015 3709 1129 3762 tamen
1143 3689 1301 3779 cohibiti,

333 3808 392 3906 qui
415 3808 558 3882 exitium
575 3809 640 3881 viri
657 3806 856 3896 consularis,
885 3812 919 3879 ἃ
937 3809 1116 3903 quondam
1140 3807 1237 3880 ducis
1254 3808 1301 3882 sui

333 3927 546 4026 flagitabant.
595 3929 673 4002 Nec
691 3950 904 4026 quemquam
927 3924 1062 4025 saepius,
1087 3928 1195 4025 quam
1216 3930 1300 4002 Ver·
