3000 5144
259 581 307 655 34
482 555 524 628 C.
563 554 806 630 Conuatrr
834 549 1013 630 Tucrrr

262 734 290 769 “
310 725 378 823 gia,
405 726 555 800 invalida
571 728 659 801 sunt.
692 731 777 802 Non
793 729 836 799 ad
854 727 987 799 bellum
1005 746 1083 810 νος,
1110 743 1174 795 nec
1189 722 1237 795 ad

259 852 287 886 “
305 845 494 939 periculum
520 873 607 919 voco
623 875 632 917 :
660 846 822 918 omnium
835 845 986 917 militum
1001 866 1099 915 arma
1115 839 1231 914 nobis·

261 970 290 1005 “
310 989 391 1035 cum
407 963 492 1034 sunt.
510 966 587 1036 Nec
604 991 672 1037 una
684 966 807 1037 cohors
824 983 943 1060 togata
964 959 1121 1033 defendit
1143 985 1240 1032 nunc

263 1087 291 1124 “
309 1084 474 1171 Galbam,
504 1081 561 1154 sed
576 1084 716 1155 detinet.
765 1082 857 1153 Cum
875 1106 937 1152 vos
953 1078 1134 1177 aspexerit,
1152 1079 1239 1151 cirm

261 1206 289 1244 “
306 1203 442 1297 signum
472 1226 591 1274 meum
615 1203 797 1295 acceperit,
825 1201 892 1271 hoc
916 1197 1025 1271 solum
1041 1197 1105 1270 erit
1121 1217 1232 1269 certa-

256 1324 403 1406 “‘men,
437 1319 513 1415 quis
541 1320 627 1390 mihi
663 1317 854 1415 plurimum
880 1317 1038 1413 imputet.
1102 1317 1237 1389 Nullus

260 1443 288 1481 “
307 1437 514 1509 cunetatiorri
539 1439 636 1509 locus
660 1438 709 1508 est
733 1435 770 1506 in
791 1461 834 1507 eo
858 1435 1012 1523 confilio,
1043 1435 1139 1531 quod
1163 1459 1238 1505 non

260 1561 290 1598 “
310 1554 419 1650 potest
435 1554 579 1645 laudari,
599 1554 657 1625 nisr
682 1554 896 1649 perastum.”
944 1553 1092 1648 Aperite
1108 1551 1238 1624 deinde

259 1672 566 1744 armamentarium
594 1669 713 1767 julsrt:
753 1691 849 1765 rapta
880 1669 994 1743 statim
1027 1695 1136 1761 arma,
1167 1673 1242 1741 fine

259 1795 409 1862 more&
433 1789 553 1860 ordine
572 1788 716 1878 militiae,
730 1807 769 1860 ut
787 1788 1025 1883 praetorianus,
1046 1808 1106 1860 aut
1122 1785 1235 1883 legio-

261 1906 378 1979 narius
402 1906 589 2004 infignibus
619 1906 684 1979 suis
710 1905 990 2003 distingueretur.
1039 1903 1238 1978 Miscentur

260 2023 500 2113 auxiliaribus,
531 2023 636 2120 galeis
660 2022 838 2120 scutisque.
887 2025 999 2096 Nullo
1015 2023 1238 2096 tribunorum

258 2140 549 2212 centurionumve
578 2142 795 2229 adhortante,
827 2141 887 2213 srbi
914 2140 1058 2236 quisque
1079 2142 1169 2228 dux,
1200 2146 1236 2214 δι

260 2256 459 2352 instigator:
492 2261 525 2328 ὅτ
548 2257 761 2353 precipuum
780 2262 1001 2356 pessimorum
1026 2256 1235 2331 incitamen⁴

262 2393 354 2459 tum,
381 2373 477 2468 quod
503 2373 586 2445 boni
612 2377 809 2447 maerebant.
956 2424 957 2428 =

309 2492 485 2563 XXXIX.
511 2494 595 2584 JAM
613 2493 796 2565 exterritus
825 2493 902 2566 Piso
928 2493 1069 2567 fremitu
1085 2495 1237 2569 crebres-

260 2606 370 2680 centis
386 2607 569 2697 seditionis,
596 2614 629 2680 dr
658 2610 803 2682 vocibus
826 2612 861 2682 in
883 2615 1020 2684 Urbem
1048 2610 1156 2709 usque
1180 2638 1235 2686 re-

261 2725 472 2814 sonantibus,
491 2728 659 2822 egreffum
676 2726 813 2800 interim
830 2730 996 2818 Galbam,
1026 2733 1060 2802 a
1076 2727 1155 2802 foro
1173 2756 1236 2827 ap·

262 2844 566 2941 propinquantem,
593 2847 760 2917 assecutus
777 2865 869 2916 erat:
894 2844 970 2940 jam
992 2847 1128 2921 Marius
1152 2851 1235 2921 Cel-

262 2960 329 3050 sus,
348 2963 439 3033 haud
459 2962 538 3033 laeta
556 2964 736 3035 retulerat:
767 2964 849 3034 cirm
867 2963 938 3052 alii,
965 2970 994 3005 “
1011 2964 1047 3036 in
1064 2965 1241 3061 palatium-

261 3089 291 3123 “
311 3081 459 3167 redire,”
497 3081 552 3152 alii
588 3080 848 3174 “Capitolium
876 3080 1033 3176 petere,”
1076 3083 1237 3181 plerique

264 3208 292 3243 “
312 3201 417 3272 rostra
433 3199 656 3294 occupanda'’
674 3196 858 3285 censerent,
876 3199 988 3294 plures
1004 3201 1141 3274 tantum
1159 3201 1235 3274 sen·

262 3318 374 3391 tentiis
403 3316 549 3388 aliorum
583 3314 866 3401 contradicerent,
908 3335 1016 3412 utque
1048 3316 1164 3389 evenit
1198 3319 1237 3392 in

262 3435 408 3507 consrliis
441 3430 647 3521 infelicibus,
676 3431 806 3527 optima
839 3430 1054 3523 viderentur,
1081 3461 1238 3532 quorum

263 3570 401 3645 tempus
424 3551 600 3648 effugerat.
652 3549 808 3644 Agitasse
825 3551 938 3638 Lac0,
957 3549 1079 3647 ignaro
1103 3554 1235 3642 Galba,
1309 3604 1312 3609 ·

261 3668 306 3737 de
335 3665 527 3738 occidendo
544 3670 589 3737 T.
607 3664 711 3736 Vinio
728 3665 864 3754 dicitur,
893 3670 961 3738 five
981 3686 1019 3739 ut
1038 3673 1144 3763 poend
1161 3671 1233 3769 ejus

262 3782 396 3854 animos
421 3782 572 3854 militum
595 3783 773 3871 mulceret,
798 3781 855 3854 seu
882 3783 1060 3858 conscium
1082 3789 1239 3860 Othonis

263 3898 437 3987 credebat,
466 3900 511 3971 ad
529 3898 742 3995 postremum
759 3901 816 3971 vel
832 3899 927 3973 odio.
966 3903 1237 3980 Haesrtationem
