3000 5144
388 512 780 623 Hrsroninnuu
809 524 917 624 Lru.
947 551 992 622 ΙΙ.
1140 574 1185 648 93

215 718 299 809 rius,
327 721 578 796 &inconditos
607 722 762 794 homines
789 721 931 820 fatigare
957 721 1087 794 militiae
1110 747 1188 794 mu·

215 840 355 912 neribus
371 842 538 937 occoepit,
569 844 722 914 laborem
747 840 920 913 insolitum
943 844 1065 936 perosi,
1094 840 1189 913 infir·

214 958 371 1033 mitatem
398 959 493 1032 suam
523 963 743 1058 reputabant:
776 959 964 1031 “insulam
989 961 1055 1031 effe
1083 985 1189 1055 quam

215 1085 243 1121 “
261 1078 464 1168 incolerent,
511 1086 544 1154 δι
594 1080 699 1176 longe
748 1079 985 1166 Germaniam,
1036 1076 1190 1175 viresque

217 1205 245 1240 “
263 1198 471 1295 legionum:
503 1198 660 1298 ⁴direptos
693 1195 904 1291 vastatosque
938 1198 1051 1283 claffe,
1086 1196 1189 1269 etiam

215 1323 352 1413 “quos
376 1319 532 1390 cohortes
557 1317 692 1412 alaeque
717 1317 971 1411 protegerent.'’
1023 1318 1069 1387 Et
1085 1319 1189 1388 aversi

214 1436 356 1531 repente
374 1435 499 1520 animi;
528 1460 591 1506 nec
609 1454 723 1505 tamen
740 1438 857 1528 aperta
875 1434 927 1504 vi:
957 1454 1079 1529 aptum
1097 1455 1187 1506 tem·

213 1582 276 1652 pus
293 1554 419 1627 insidiis
443 1557 569 1652 legere.
619 1554 796 1650 Digreffis,
826 1552 886 1648 qui
911 1551 1091 1624 Pacarium
1120 1552 1187 1624 sre-

212 1676 436 1771 quentabant,
454 1674 567 1745 nudus
585 1675 619 1743 &
643 1671 762 1744 auxilii
781 1671 894 1766 inops,
919 1670 1061 1744 balineis
1084 1671 1189 1743 inter-

212 1793 346 1864 ficitur:
375 1790 532 1864 trucidati
551 1796 584 1863 ὃς
602 1790 758 1863 comites.
808 1790 942 1884 Capita,
967 1812 1004 1862 ut
1022 1789 1186 1877 hostium,

212 1910 274 2008 ipsr
301 1909 531 1983 interfectores
553 1911 598 1982 ad
614 1911 791 1981 Othonem
818 1910 937 1980 tulere.
987 1910 1114 2004 Neque
1131 1933 1189 1981 eos

210 2049 270 2102 aut
297 2031 393 2101 Otho
424 2029 568 2124 praemio
594 2027 734 2115 adfecit,
767 2047 826 2098 aut
855 2025 991 2121 punivit
1015 2026 1187 2115 Vitellius,

212 2148 249 2220 in
278 2150 388 2221 multa
409 2146 561 2221 colluvie
588 2172 705 2219 rerum
731 2142 920 2242 majoribus
944 2144 1079 2242 flagitiis
1110 2170 1187 2242 per-

213 2266 356 2340 mixtos.

260 2389 378 2460 XVII.
419 2391 665 2460 Aranuarrnr
692 2384 767 2483 jam
801 2386 949 2475 ltaliam,
984 2387 1188 2482 bellumque

211 2504 450 2594 transmiserat,
474 2504 629 2601 utsupra
647 2505 932 2593 memoravimus,
958 2507 1012 2578 ala
1036 2506 1186 2599 Syllana,
1213 2567 1220 2581 .

212 2626 310 2698 nullo
330 2625 424 2721 apud
454 2649 666 2721 quemquam
684 2624 832 2695 Othonis
856 2625 985 2711 favore,
1016 2648 1080 2694 nec
1105 2621 1187 2719 quia

211 2744 392 2817 Vitellium
411 2745 570 2827 mallent;
597 2743 652 2814 sed
677 2745 782 2840 longa
805 2770 873 2839 pax
897 2743 941 2814 ad
960 2767 1065 2815 omne
1081 2741 1185 2814 servi·

211 2862 300 2935 tium
321 2862 481 2959 fregerat,
506 2861 623 2935 faciles
641 2863 904 2958 occupantibus,
931 2865 964 2933 δι
988 2861 1186 2933 melioribus

212 2981 409 3054 incuriosos.
458 2983 488 3052 F
490 2981 750 3053 lorenriffimum
769 2981 875 3052 ltaliae
894 2982 996 3068 latus,
1016 3000 1185 3076 quantum

211 3101 300 3173 inter
322 3103 458 3174 Padum
478 3100 653 3197 Alpesque
679 3126 882 3196 camporum
900 3104 933 3171 ἃ
951 3099 1104 3186 urbium,
1131 3125 1186 3170 ar-

211 3219 279 3292 mis
303 3218 434 3292 Vitellii
464 3225 633 3316 (namque
658 3225 691 3291 &
718 3220 893 3314 praemilsae
917 3244 937 3290 a
961 3216 1100 3290 Caecina
1127 3243 1185 3289 co·

211 3342 326 3412 hortes
351 3340 578 3432 advenerant)
608 3340 798 3410 tenebatur.
847 3339 958 3431 Capta
986 3337 1183 3408 Pannonio-

211 3483 289 3530 rum
313 3461 437 3531 cohors
463 3459 557 3553 apud
574 3459 796 3528 Cremonam.
847 3454 1028 3550 Intercepti
1045 3476 1184 3528 centum

209 3576 355 3673 equiteS,
383 3603 422 3649 ac
449 3576 545 3648 mille
569 3574 705 3663 classici,
736 3579 825 3645 inter
849 3572 1059 3646 Placentiam
1087 3573 1183 3646 Tici-

212 3720 391 3792 numquc:
413 3721 485 3791 quo
507 3694 657 3766 succcffu
674 3693 878 3766 Vitellianus
896 3692 1007 3780 miles,
1026 3691 1183 3786 nonjam

211 3813 354 3887 flumine
373 3833 431 3886 aut
455 3813 535 3909 ripis
554 3815 742 3885 arcebatur.
792 3811 957 3883 lnritabat
975 3810 1060 3907 quin
1079 3812 1182 3886 etiam

210 3935 355 4009 Batavos
371 3930 716 4029 Transrhenanosque
740 3931 854 4004 Padus
879 3928 969 4029 ipse:
997 3955 1104 4028 quem
1127 3957 1180 4009 res
