3000 5144
323 559 391 634 232
476 535 1170 626 c.00rtaaa11'rncrrr,&c,

371 710 576 783 LXXXVI.
601 712 735 783 Parae
761 710 809 783 illi
832 712 878 784 L.
902 709 1080 784 Vitellius:
1107 708 1292 807 septimum

323 827 697 924 &quinquagesimum
715 829 823 902 aetatis
844 855 976 904 annum
999 830 1184 925 explebat:
1208 855 1293 903 con-

321 945 483 1035 sulatum,
507 946 705 1036 sacerdotia,
735 972 863 1020 nomen
896 949 1083 1044 locumque
1105 947 1194 1020 inter
1223 949 1294 1046 pri-

321 1089 449 1153 mores,
479 1068 572 1138 nulla
596 1067 653 1138 sual
668 1065 849 1154 industria,
877 1065 935 1138 sed
959 1069 1085 1139 cuncta
1102 1067 1204 1162 patris
1221 1070 1293 1141 cla-

320 1183 471 1257 ritudine
500 1184 656 1279 adeptus.
706 1182 942 1281 Principatum
969 1184 1000 1257 ei
1031 1187 1218 1275 detulere,V
1230 1186 1292 1283 qui

321 1302 435 1399 ipsum
462 1328 530 1374 non
560 1323 736 1374 noverant.
786 1303 904 1376 Studia
928 1302 1095 1376 exercitus
1121 1305 1194 1377 rard
1218 1305 1292 1377 cui·

323 1445 445 1518 qnam,
489 1420 588 1491 bonis
620 1420 750 1493 artibus
776 1425 928 1518 quaefita,
967 1421 1109 1517 perinde
1138 1420 1292 1512 adurere,

324 1541 431 1637 quam
456 1539 536 1611 huic
564 1564 625 1635 per
646 1539 832 1636 ignaviam.
882 1543 996 1613 Inerat
1024 1560 1139 1613 tamen
1164 1542 1294 1638 simpli-

322 1658 403 1733 citas
420 1684 460 1731 ac
485 1657 690 1743 liberalitas3
719 1684 810 1754 quae,
839 1658 875 1730 ni
894 1660 978 1730 adfit
996 1660 1135 1748 modus,
1167 1659 1201 1730 in
1219 1660 1294 1732 exi·

323 1779 413 1851 tium
442 1796 632 1849 vertuntur.
697 1776 893 1866 Amicitias,
933 1778 1020 1849 dum
1052 1776 1295 1874 magnitudine

322 1920 521 1984 munerum,
547 1921 616 1968 non
633 1894 820 1968 constantia
838 1920 976 1969 morum
992 1896 1163 1968 continere
1180 1915 1292 1993 putat,

323 2016 448 2088 meruit
481 2015 603 2111 magis,
638 2016 747 2111 quam
775 2012 907 2087 habuit.
958 2012 1174 2109 Reipublicae
1201 2014 1294 2086 haud

322 2132 428 2206 dubie
445 2132 614 2219 intererat,
626 2131 803 2204 Vitellium
821 2130 936 2205 vinci:
955 2130 1011 2203 sed
1029 2131 1199 2228 imputare
1217 2158 1296 2227 per·

324 2250 445 2323 fidiam
463 2275 533 2321 non
552 2251 699 2344 pollunt,
724 2250 784 2345 qui
800 2249 981 2323 Vitellium
997 2250 1199 2346 Vespasiano
1216 2276 1293 2348 pro·

324 2369 457 2458 didere,
483 2370 566 2440 cum
594 2393 615 2439 a
639 2370 753 2441 Galba
780 2367 1006 2441 desciviffent.
1055 2370 1226 2467 Praecipiti
1259 2371 1295 2445 in

324 2485 483 2560 occasum
511 2486 580 2575 die,
609 2487 657 2559 ob
682 2509 850 2582 pavorem
873 2487 1136 2585 magistratuum
1164 2488 1296 2562 senato·

324 2630 486 2702 rumque,
509 2604 569 2701 qui
591 2603 710 2701 dilapsi
734 2629 779 2677 ex
794 2608 910 2696 Urbe,
935 2626 994 2679 aut
1010 2630 1071 2702 per
1093 2608 1217 2682 domos
1233 2610 1295 2684 cli-

326 2724 459 2798 entium
474 2723 580 2798 semet
596 2726 830 2816 occultabant,
855 2724 971 2798 vocari
989 2724 1120 2798 senatus
1143 2752 1212 2799 non
1231 2755 1295 2825 po-

325 2844 404 2917 tuit.
453 2842 707 2932 Domitianum,
722 2842 906 2940 postquam
924 2843 1009 2914 nihil
1025 2844 1146 2916 hostile
1163 2866 1296 2920 metue·

325 2963 441 3050 batur,
469 2963 515 3034 ad
540 2964 643 3034 duces
669 2961 814 3058 partium
840 2962 1067 3058 progrellum,
1089 2967 1123 3035 ἃ
1150 2963 1298 3055 Caestzrem

326 3079 587 3173 consalutatum,
606 3081 703 3152 miles
719 3079 892 3176 frequens,
911 3100 1018 3178 utque
1034 3102 1103 3155 erat
1120 3081 1155 3154 in
1178 3083 1295 3176 armis,

328 3197 364 3275 in
383 3220 540 3298 paternos
558 3219 697 3296 penates
712 3196 870 3271 deduxit.
