3000 5144
260 592 281 661 8
490 585 1062 666 C.Conurr11Tncrr1

262 789 334 833 non
367 763 475 834 modo
500 763 536 834 in
562 766 660 837 Urbe
687 767 778 861 apud
803 784 926 861 patres,
953 784 1012 837 aut
1040 764 1226 861 populum,

261 903 320 952 ant
339 884 522 955 Urbanum
540 884 700 971 militem,
725 883 782 955 sed
803 908 925 955 omnes
942 883 1093 979 legiones
1110 881 1229 956 duces·

262 1028 330 1096 que
360 1002 566 1090 conciverat,
606 1005 768 1100 evulgato
797 1000 934 1097 imperii
963 1027 1100 1090 arcan0,
1136 1005 1230 1097 posse

260 1121 457 1216 Principem
486 1122 581 1209 alibi,
613 1123 719 1217 quim
745 1126 871 1194 Romae
895 1120 979 1193 fieri.
1029 1121 1095 1192 Sed
1119 1140 1229 1214 patres

262 1241 344 1327 lati,
371 1240 530 1336 usurpatas
554 1241 667 1313 statim
688 1242 858 1328 libertate,
888 1239 1059 1328 licentibs,
1084 1257 1123 1310 ut
1149 1263 1230 1334 erga

263 1359 463 1455 Principem
493 1385 625 1432 novum
654 1365 686 1432 &
714 1360 909 1432 absentem:
937 1358 1104 1454 primores
1130 1357 1229 1453 equi·

260 1499 335 1550 turn
351 1478 500 1574 proximi
520 1480 648 1575 gaudio
666 1499 801 1574 patrum
819 1507 827 1549 :
852 1504 927 1573 pars
944 1477 1065 1573 populi
1083 1477 1227 1573 integra,

260 1602 293 1669 ἃ
329 1596 466 1693 magnis
494 1598 658 1669 domibus
691 1599 839 1686 adnexa,
874 1596 1012 1668 clientes
1047 1595 1229 1691 libertique

259 1716 504 1786 damnatorum
528 1720 560 1786 bc
584 1696 755 1803 exsulum,
789 1716 824 1786 in
852 1716 947 1811 spem
978 1715 1102 1787 eresti:
1131 1702 1229 1810 plebs

257 1830 407 1921 sordida,
427 1832 570 1904 &circo
592 1859 632 1905 ac
650 1834 789 1906 theatris
807 1833 913 1923 sueta,
932 1837 1031 1906 simul
1056 1833 1229 1906 deterrimi

258 1949 445 2042 servorum,
465 1973 523 2025 aut
541 1953 615 2049 qui,
642 1954 745 2026 adefis
771 1953 883 2044 bonis,
910 1979 971 2050 per
987 1955 1137 2026 dedecus
1153 1955 1228 2024 Ne·

259 2070 350 2141 ronis
366 2073 559 2160 alebantur,
584 2073 691 2144 maesti
710 2077 742 2144 δι
761 2099 939 2145 rumorum
956 2072 1060 2144 avidi.

308 2191 352 2258 V.
378 2192 484 2263 Miles
508 2194 687 2280 Urbanus,
706 2193 814 2289 longo
831 2189 1003 2263 Caesarum
1022 2189 1231 2264 sacramento

262 2307 430 2396 imbutus,
455 2310 546 2381 &ad
563 2309 817 2383 destituendum
831 2313 1010 2384 Neronem
1026 2330 1096 2382 arte
1120 2311 1232 2408 magis

263 2426 474 2522 &impulsu,
494 2430 601 2525 quim
614 2428 673 2500 soo
691 2429 829 2526 ingenio
842 2431 1028 2518 tradustus,
1047 2429 1233 2527 postquam

260 2544 372 2641 neque
396 2547 468 2620 dari
494 2547 712 2636 donativum,
738 2547 799 2622 sub
825 2548 965 2621 nomine
995 2551 1116 2621 Galbae
1150 2575 1230 2645 pro-

258 2665 411 2755 miss'um,
437 2691 549 2762 neque
562 2667 696 2764 magnis
713 2667 841 2740 meritis
853 2694 891 2740 ac
905 2668 1055 2763 praemiis
1068 2669 1232 2742 eumdem

259 2786 295 2857 in
331 2813 428 2881 pace,
463 2810 568 2880 quem
591 2785 627 2857 in
654 2787 761 2874 bello,
789 2788 920 2875 locum,
949 2808 1232 2884 praeventamque

259 2906 419 3003 gratiam,
447 2903 623 3001 intelligit,
656 2907 749 3001 apud
766 2905 965 3002 Principem
991 2933 1012 2978 a
1034 2907 1232 3004 legionibus

258 3025 403 3114 factum,
424 3049 553 3121 pronus
570 3025 614 3094 ad
631 3049 738 3095 novas
755 3050 821 3114 res,
833 3024 956 3098 scelere
972 3025 1105 3122 insuper
1115 3029 1230 3121 Nym-

258 3145 370 3243 plridii
387 3143 517 3231 Sabini,
551 3141 722 3230 Praesesli,
745 3143 930 3239 imperium
960 3144 1020 3218 fibi
1047 3144 1231 3233 molientis,

259 3266 422 3362 agitator.
474 3266 520 3334 Et
537 3261 777 3358 Nymphidius
795 3263 937 3359 quidem
954 3263 990 3334 in
1018 3262 1090 3359 ipso
1108 3283 1233 3336 conatu

260 3387 447 3480 oppressus.
498 3384 579 3472 Sed,
615 3382 774 3479 quamvis
805 3382 915 3479 capite
937 3382 1137 3455 defeuionis
1171 3384 1233 3455 ab·

258 3503 342 3591 lato,
369 3505 529 3576 manebat
546 3501 714 3599 plerisque
733 3501 885 3574 militum
912 3500 1136 3575 conscientia:
1165 3526 1231 3573 nec

259 3622 399 3691 deerant
423 3621 592 3693 sermones
620 3620 792 3693 “senium
823 3641 925 3716 atque
951 3621 1128 3692 avaritiam
1148 3621 1232 3691 Gal-

263 3742 291 3777 “
311 3739 389 3809 bae”
407 3739 669 3834 increpantium.
720 3741 880 3812 Laudata
901 3740 1000 3828 olim,
1031 3745 1064 3812 δι
1094 3739 1233 3811 militari

260 3855 352 3928 samlt
368 3858 537 3929 celebrata
560 3857 716 3930 severitas
733 3856 818 3955 ejus,
847 3861 995 3956 angebat
1019 3857 1235 3954 aspernantes

260 3995 414 4050 veterem
436 3976 667 4076 disciplinam,
697 3997 802 4075 atque
819 3978 865 4052 ita
882 3977 1144 4077 quatuordecim
1170 4001 1234 4050 an-
