3000 5144
374 559 779 632 Hrsronrnnum
813 558 926 629 Lro.
958 553 1022 626 111.
1122 577 1190 648 213

217 727 390 800 subsstere
409 726 514 824 jussi:
549 729 673 802 relisiae
699 731 796 802 simul
825 755 844 801 c
869 727 1065 801 vistricibus
1081 727 1189 824 legio·

215 873 287 936 nes,
302 873 414 943 neque
431 847 678 944 quiescentibus
693 873 826 944 graves,
841 851 873 919 δι
891 848 1054 919 adversus
1067 867 1187 918 contu-

214 967 363 1038 maciam
379 966 515 1038 validae.
564 969 601 1037 N
604 991 649 1037 on
666 966 811 1038 omislere
824 990 884 1061 per
894 989 953 1037 eos
969 964 1040 1036 dies
1052 966 1187 1037 Primus

213 1109 253 1155 ac
267 1088 376 1156 Varus
394 1085 521 1157 crebris
533 1085 660 1155 nuntiis
680 1092 705 1125 “
720 1082 874 1171 salutem,
894 1088 927 1155 &
939 1082 1135 1178 pecuniam,
1150 1087 1185 1155 δε

215 1209 242 1244 “
260 1200 386 1273 secreta
401 1202 625 1298 Campaniae’'
655 1202 777 1273 offerre
794 1200 947 1291 Vitellio,
979 1208 1006 1243 “
1025 1204 1047 1272 st
1069 1200 1184 1297 positis

214 1327 242 1362 “
260 1319 375 1408 armis,
391 1320 493 1417 seque
509 1345 548 1391 ac
561 1319 685 1391 liberos
708 1318 784 1391 suos
801 1318 1005 1414 Vespasiano
1021 1318 1185 1414 permisrs-

214 1445 242 1481 “
260 1436 343 1510 set.''
391 1442 432 1510 ln
449 1439 612 1510 eumdem
629 1440 775 1511 modum
789 1442 822 1510 δι
834 1438 1022 1511 Mucianus
1038 1463 1184 1535 compo-

213 1555 277 1629 suit
287 1557 461 1653 epistolas:
481 1554 607 1653 quibus
624 1557 828 1654 plerumque
841 1558 945 1629 fidere
955 1557 1128 1647 Vitellius,
1142 1582 1183 1630 ac

215 1682 242 1717 “
260 1677 305 1746 de
321 1701 468 1748 numero
484 1675 671 1765 servorum,
697 1676 863 1748 electione
882 1677 1047 1751 litorum''
1071 1676 1182 1772 loqui.

213 1795 329 1865 Tanta
344 1794 489 1890 torpedo
507 1792 670 1865 invaserat
686 1793 854 1884 animum,
872 1815 925 1884 ut,
945 1799 968 1866 st
986 1793 1182 1889 Principem

213 1936 294 1983 eum
311 1909 408 1984 fuisse
429 1911 530 1985 ceteri
551 1938 623 1985 non
648 1911 891 2003 meminissent,
917 1911 986 2009 ipse
1003 1911 1181 1986 oblivisce·

214 2050 316 2103 retur.

258 2152 393 2223 LXIV.
419 2156 479 2225 Ατ
514 2152 680 2248 primores
710 2151 870 2242 civitatis,
897 2151 1056 2225 Flavium
1084 2152 1179 2225 Sabi-

208 2294 309 2357 num,
340 2268 541 2365 praesectum
553 2271 678 2360 Urbis,
700 2271 831 2344 secretis
855 2269 1068 2344 sermonibus
1091 2271 1177 2344 inci·
1250 2254 1255 2268 ¹

208 2390 338 2476 tabant,
370 2395 397 2431 ‘⁴
415 2388 565 2463 vidoriae
593 2387 766 2486 famaeque
799 2409 930 2486 partem
966 2390 1174 2485 capesseret:

211 2514 238 2549 “
257 2508 322 2578 effe
346 2506 395 2578 illi
422 2508 603 2603 proprium
628 2508 774 2581 militem
800 2507 995 2580 cohortium
1018 2510 1176 2581 Urbana·

212 2628 240 2664 “
259 2649 358 2695 rum:
387 2650 452 2697 nec
473 2624 648 2698 defuturas
670 2626 818 2723 vigilum
847 2629 1017 2715 cohortes,
1045 2625 1180 2700 servitia

210 2749 239 2785 “
257 2740 422 2837 ipsorum,
455 2740 630 2816 fortunam
668 2745 829 2841 partium,
865 2744 1042 2815 &omnia
1070 2769 1179 2840 prona

212 2868 238 2904 “
257 2861 456 2934 vidoribus.
520 2863 578 2935 Ne
613 2863 768 2934 Antonio
800 2865 960 2958 Varoque
994 2863 1040 2932 de
1071 2863 1178 2959 glotis

209 2986 236 3023 “
253 2981 467 3053 concederet.
516 2984 646 3054 Paucas
658 2980 799 3054 Vitellio
812 2982 980 3070 cohortes,
1000 2985 1033 3052 δι
1051 2980 1177 3054 maestis

212 3104 238 3142 “
258 3099 411 3195 undique
427 3100 553 3171 nuntiis
578 3099 750 3196 trepidas:
775 3100 896 3196 populi
919 3099 1087 3172 mobilem
1104 3098 1200 3179 ani-,

212 3225 238 3261 “
257 3244 375 3302 mum;
400 3222 488 3307 &,sr
514 3218 547 3290 se
566 3220 693 3290 ducem
717 3218 924 3313 praebuisset,
950 3216 1084 3291 easdem
1102 3217 1175 3291 illas

208 3336 464 3409 “adulationes
488 3362 551 3433 pro
569 3336 771 3433 Vespasiano
800 3335 884 3408 sore.
933 3335 1048 3431 Ipsum
1066 3337 1174 3408 Vitel-

211 3455 342 3528 “lium
359 3479 403 3526 ne
421 3453 583 3550 prosperis
606 3454 746 3551 quidem
776 3479 913 3550 parem3
938 3454 1026 3526 aded
1048 3453 1176 3527 ruenti-

210 3582 238 3617 “
258 3578 321 3648 bus
348 3573 579 3647 debilitatum.
629 3573 785 3646 Gratiam
813 3572 935 3669 patrati
961 3573 1042 3644 belli
1071 3597 1175 3668 penes

210 3700 238 3735 “
253 3719 351 3779 eum,
382 3693 442 3789 qui
472 3694 608 3764 Urbem
636 3694 841 3786 occupasset.
890 3692 933 3763 Id
948 3691 1074 3765 Sabino
1091 3717 1174 3764 con-

209 3819 236 3855 “
255 3811 385 3898 venire,
405 3831 442 3882 ut
458 3809 645 3905 imperium
666 3804 758 3882 fratri
775 3809 975 3904 reservarem
995 3809 1030 3880 id
1048 3810 1175 3908 Vespa·

209 3939 235 3976 “
255 3935 359 4019 siano,
374 3950 412 4003 ut
430 3930 530 4003 ceteri
549 3929 624 4027 post
638 3929 804 4002 Sabinum
821 3928 1060 4003 haberentur.’'

621 4048 649 4120 P
676 4070 697 4144 a
