3000 5144
280 528 345 602 188
466 529 507 601 C.
550 529 811 602 Conuaart
854 528 1050 604 Tnc1tt

274 711 302 746 “
320 702 412 800 Rapi
440 702 560 800 ignes’'
584 704 772 793 Antonius,
800 712 827 747 “
844 702 1028 800 inferrique
1054 701 1239 776 amoenilli-

272 821 383 894 “mis
410 841 505 894 extra
532 825 653 895 urbem
690 823 867 896 adificiis''
896 821 1021 919 jubet:
1056 824 1078 893 st
1107 823 1238 894 damno

272 965 385 1012 rerum
411 939 545 1014 suarum
571 941 816 1014 Cremonenses
842 942 885 1012 ad
903 941 1105 1012 mutandam
1130 942 1238 1014 fidem

268 1061 499 1133 traherentur:
526 1060 718 1158 propinqua
731 1059 835 1132 muris
851 1060 954 1146 testa,
973 1057 1237 1132 &altitudinem

267 1177 439 1250 moenium
456 1181 596 1277 egressa,
620 1178 797 1251 sortiffimo
814 1202 954 1274 quoque
970 1175 1118 1247 militum
1136 1203 1235 1250 com·

267 1297 361 1391 plet:
389 1297 438 1368 illi
455 1297 620 1385 trabibus,
648 1294 852 1395 tegulisque,
877 1293 1058 1369 &facibus
1076 1320 1231 1393 propug-

270 1435 406 1488 natores
426 1418 619 1490 deturbant.

316 1537 454 1607 XXXI.
481 1537 565 1627 Jm
590 1537 743 1635 legiones
768 1536 805 1607 in
831 1533 1036 1607 testudinem
1063 1534 1234 1630 glomera-

268 1656 407 1742 bantur,
437 1659 470 1726 &
486 1654 542 1727 alii
559 1654 638 1728 saxa
661 1658 797 1751 telaque
819 1652 1042 1738 incutiebant,
1061 1653 1142 1723 cum
1159 1653 1234 1723 lan·

268 1770 426 1870 guescere
443 1773 620 1871 paullatim
633 1774 894 1846 Vitellianorum
907 1771 1025 1843 animi.
1074 1773 1126 1842 Ut
1144 1769 1234 1867 quis-

266 1917 335 1988 que
346 1892 466 1965 ordine
481 1893 645 1982 anteibat,
659 1892 778 1965 cedere
794 1889 958 1963 fortuna:
984 1915 1039 1977 ne,
1058 1889 1232 1961 Cremonal

266 2036 408 2107 quoque
419 2011 545 2101 excissi,
563 2013 656 2084 nulla
665 2012 754 2083 ultra
770 2009 883 2096 venia,
900 2006 1078 2105 omnisque
1090 2008 1136 2080 ira
1158 2008 1230 2081 vic·

265 2130 361 2219 toris,
390 2156 460 2202 non
486 2129 521 2201 in
538 2132 663 2228 vulgus
686 2129 800 2226 inops,
829 2126 886 2200 sed
911 2126 947 2198 in
969 2126 1125 2200 tribunos
1149 2151 1230 2199 cen-

267 2247 494 2343 turionesque,
524 2247 584 2319 ubi
603 2247 750 2344 pretium
776 2246 878 2320 caedis
894 2266 976 2335 erat,
994 2265 1231 2319 reverteretur.

266 2365 451 2461 Gregarius
469 2366 578 2456 miles,
607 2364 710 2438 futuri
737 2364 862 2453 socors,
893 2370 926 2437 δι
944 2363 1158 2462 ignobilitate
1174 2385 1230 2438 tu-

266 2483 347 2572 tior,
374 2484 568 2577 perstabat:
593 2484 672 2581 vagi
686 2509 745 2582 per
761 2485 847 2573 vias,
875 2483 910 2555 in
933 2482 1093 2555 domibus
1109 2482 1230 2571 abditi,

266 2628 388 2698 pacem
405 2628 448 2676 ne
465 2623 540 2676 tum
556 2604 699 2700 quidem
723 2606 879 2692 orabant,
911 2602 992 2675 cum
1010 2602 1141 2674 bellum
1167 2626 1231 2698 po·

201 2814 202 2819 ἵ
264 2721 408 2794 luissent.
458 2721 627 2795 Primores
644 2722 844 2809 castrorum,
869 2744 997 2793 nomen
1024 2740 1126 2816 atque
1142 2719 1229 2792 ima-

266 2841 364 2936 gines
381 2841 508 2913 Vitellii
524 2841 757 2914 amoliuntur:
785 2861 920 2913 catenas
948 2839 1095 2911 Cacinae
1127 2842 1230 2931 (nam

261 2960 454 3032 etiamtum
468 2960 602 3032 vindos
618 2962 705 3053 erat)
732 2958 925 3047 exsolvunt,
946 2978 1125 3053 orantque,
1145 2965 1172 2999 “
1193 2978 1230 3030 ut

263 3085 292 3120 “
310 3077 416 3151 causae
442 3077 507 3150 soae
536 3079 734 3174 deprecator
760 3079 894 3150 adfistat
911 3079 946 3148 :''
975 3075 1229 3171 Aspernantem

262 3216 539 3293 tumentemque,
565 3196 711 3269 lacrimis
728 3194 880 3293 fatigant.
932 3199 1136 3268 Extremum
1155 3220 1227 3268 ma·

262 3318 388 3405 lorum,
415 3335 466 3387 tot
491 3313 651 3387 fortiffimi
680 3316 757 3404 viri,
788 3315 971 3411 proditoris
1001 3338 1105 3409 opem
1128 3312 1227 3386 invo-

260 3456 399 3506 cantes:
438 3460 523 3506 mox
559 3436 750 3508 velamenta
783 3440 816 3507 δι
850 3433 984 3522 insulas,
1027 3457 1089 3527 pro
1122 3432 1227 3505 muris

261 3553 440 3625 ostentant.
490 3555 582 3626 Cum
608 3555 780 3626 Antonius
800 3562 826 3596 “
844 3552 989 3625 inhiberi
1007 3552 1098 3623 tela’'
1118 3548 1225 3645 juffis-

260 3670 321 3759 set,
340 3676 433 3768 figna
449 3672 644 3770 aquilasque
660 3675 837 3746 extulltre:
868 3673 1024 3744 maestum
1043 3668 1227 3742 inermium

258 3814 398 3883 agmen,
415 3790 553 3887 dejedlis
570 3793 604 3863 in
622 3812 747 3864 terram
759 3793 879 3881 oculis,
896 3792 1109 3888 sequebatur.
1148 3790 1225 3863 Cir-

258 3908 490 3983 cumstiterant
506 3911 666 3999 vidores,
694 3916 727 3983 δι
740 3910 851 4008 primi>
867 3912 1068 4010 ingerebant
1082 3919 1222 4015 probra,
