3000 5144
411 521 797 595 Hrsrorrrsnuu
831 523 1031 597 Linlll.
1133 551 1199 623 231

238 692 353 767 sellulis
368 695 541 799 desertur;
560 720 611 789 ut,
627 703 648 772 sl
665 700 758 773 diem
776 701 902 772 latebrlr
918 699 1097 789 vitavisset,
1113 703 1203 773 Tar·

236 813 387 886 racinam
404 816 448 889 ad
460 819 615 890 cohortes
632 817 839 914 fratremque
856 817 1060 915 perfugeret.
1096 819 1203 908 Dein,

238 933 429 1005 mobilitate
445 933 588 1031 ingenii,
608 940 640 1008 &
658 961 735 1031 quae
759 955 877 1008 natura
893 936 1026 1033 pavoris
1044 938 1103 1025 est,
1121 938 1206 1010 cum

237 1051 354 1124 omnia
371 1053 549 1140 metuenti,
568 1053 745 1149 praesentia
757 1054 907 1126 maxime
924 1053 1154 1151 displicerent,
1168 1055 1206 1129 in
1315 1053 1318 1057 ’

236 1171 401 1265 palassum
417 1170 621 1267 regreditur,
647 1170 781 1243 vastum
798 1171 1062 1269 desertumque:
1091 1173 1204 1269 dilap-

237 1290 276 1359 sis
303 1288 407 1360 etiam
438 1287 567 1360 infimis
590 1287 819 1377 servitiorum,
845 1311 904 1362 aut
927 1290 1105 1364 occursum
1132 1286 1204 1389 ejus

236 1406 498 1480 declinantibus.
547 1409 668 1479 Terret
690 1407 851 1497 solitudo,
881 1413 913 1480 δι
942 1429 1091 1481 tacentes
1110 1409 1201 1481 loci:

236 1545 348 1597 tentat·
362 1523 496 1597 clausa:
524 1523 718 1598 inhorrescit
734 1526 874 1599 vacuis:
900 1524 1066 1623 fessusque
1082 1525 1205 1599 misero

235 1667 360 1730 errore,
397 1648 430 1714 δι
461 1643 623 1739 pudenda
653 1645 782 1717 latebrfi
812 1644 917 1716 semet
946 1646 1136 1734 occultans,
1159 1648 1204 1717 ab

234 1761 329 1854 Julio
340 1760 496 1849 Placido,
510 1761 649 1834 tribuno
666 1761 828 1849 cohortis,
847 1761 1062 1858 protrahitur.
1097 1763 1201 1836 Vinc-

234 1899 278 1950 tae
302 1903 391 1975 pone
422 1900 559 1977 tergum
593 1906 737 1953 manus:
776 1881 898 1953 laniatlt
930 1880 1035 1970 veste,
1065 1879 1202 1954 soedum

231 1994 478 2093 spectaculum,
492 2001 696 2090 ducebatur,
711 1999 826 2071 multis
842 1998 1108 2096 increpantibus,
1124 2001 1201 2073 nul-

233 2116 269 2186 lo
296 2114 552 2190 inlacrimante:
579 2116 776 2191 deformitas
799 2117 911 2190 exitiis
934 2116 1202 2193 misericordiam

233 2233 427 2308 abstulerat.
476 2235 612 2308 Obvius
628 2261 648 2309 e
662 2235 879 2309 Germanicis
895 2236 1073 2326 militibus,
1092 2237 1199 2310 Vitel-

233 2353 319 2427 lium
349 2353 473 2427 infesto
499 2353 585 2445 islu,
616 2379 677 2451 per
711 2353 812 2444 iram,
847 2354 902 2427 vel
932 2354 1003 2451 qud
1033 2355 1200 2428 maturius

233 2471 383 2545 ludibrio
404 2472 585 2562 eximeret,
611 2498 655 2545 an
677 2473 855 2547 tribunum
876 2472 1067 2570 appetierit,
1095 2473 1130 2544 in
1147 2473 1200 2546 in·

232 2609 325 2663 certo
335 2588 415 2679 suit,
433 2615 551 2664 aurem
567 2590 695 2665 tribuni
709 2590 916 2687 amputavit,
934 2617 974 2667 ac
988 2591 1100 2665 statim
1116 2618 1199 2665 con·

233 2707 335 2781 sollus
362 2710 421 2783 est.
470 2709 662 2798 Vitellium,
695 2706 821 2782 infestis
851 2709 1072 2784 mucronibus
1098 2735 1199 2783 coac-

231 2848 320 2916 tum,
339 2828 446 2902 modo
464 2829 592 2926 erigere
608 2854 660 2917 os,
679 2831 712 2900 &
728 2828 849 2899 offerre
865 2827 1092 2916 contumeliis,
1106 2853 1200 2905 nunc

230 2948 387 3026 cadentes
403 2947 526 3020 statuas
535 2943 622 3036 suas,
641 2948 847 3043 plerumque
864 2944 982 3034 rostra,
999 2965 1058 3018 aut
1075 2946 1198 3018 Galbae

231 3066 329 3139 occifi
343 3069 460 3139 locum
474 3063 628 3137 contueri
640 3093 651 3150 ;
671 3062 844 3161 postremo
861 3063 904 3137 ad
922 3063 1123 3153 Gemonias,
1137 3063 1198 3137 ubi

229 3210 354 3280 corpus
371 3184 481 3257 Flavii
498 3184 613 3257 Sabini
625 3183 786 3279 jacuerat,
800 3184 993 3279 propulsre.
1025 3185 1110 3259 Una
1125 3206 1197 3258 vox

228 3329 298 3375 non
324 3303 500 3400 degeneris
523 3302 628 3376 animi
651 3320 808 3397 excepta,
835 3302 916 3373 clun
933 3300 1072 3374 tribuno
1095 3300 1196 3373 insul·

229 3421 326 3510 tanti,
374 3429 401 3464 “
419 3420 452 3493 se
476 3442 592 3495 tamen
616 3421 864 3516 Imperatorem
892 3416 963 3514 ejus
992 3416 1117 3491 fuiffe”
1144 3445 1195 3492 re-

226 3540 373 3636 spondit.
424 3545 479 3614 Ac
501 3540 626 3612 deinde
643 3537 782 3635 ingestis
800 3537 1011 3623 vulneribus,
1034 3536 1196 3611 concidit.

228 3661 274 3731 Et
303 3661 430 3756 vulgus
458 3659 578 3731 ealdem
607 3657 773 3754 pravitate
792 3654 1015 3729 infestabatur
1038 3653 1195 3731 intersec-

227 3796 317 3868 tum,
333 3781 400 3881 qus
416 3776 547 3851 foverat
564 3777 749 3850 viventem.

677 3897 761 3993 Q
