3000 5144
322 544 598 628 Drnroons
637 566 697 614 na
732 543 1075 615 Onaronrsus.
1154 567 1202 640 45

230 709 441 783 adversarius
455 713 656 807 exprobret,
681 710 742 806 ipsr
755 710 906 808 denique
923 708 1081 783 advocati
1093 705 1203 805 asper-

232 849 365 901 nentur.
414 829 526 926 Igitur
541 834 621 902 verd
639 830 750 901 statim
769 834 802 901 ὃς
826 830 1024 926 incorrupti
1041 831 1206 925 eloquen-

231 947 279 1020 tid
301 948 565 1020 imbuebantur:
598 953 866 1046 &quamquam
890 973 1002 1021 unum
1022 947 1203 1044 sequeren-

232 1087 300 1154 tur,
327 1088 443 1140 tamen
462 1094 582 1141 omnes
600 1066 751 1163 ejusdem
768 1068 876 1140 aetatis
896 1086 1058 1163 patronos
1075 1065 1109 1136 in
1127 1068 1204 1162 plu·

231 1186 327 1258 rimis
345 1191 378 1258 ὃς
395 1190 501 1259 causis
516 1185 700 1283 &judiciis
718 1185 989 1284 cognoscebant:
1015 1185 1206 1256 habebant·

232 1330 301 1401 que
322 1307 423 1402 ipsius
441 1306 561 1402 populi
585 1306 875 1378 diversissimarum
896 1304 1032 1377 aurium
1056 1302 1207 1399 copiam,

231 1451 276 1497 ex
295 1429 364 1521 qufi
381 1423 478 1497 facile
494 1427 785 1519 deprehenderent
812 1425 897 1522 quid
921 1424 956 1496 in
983 1447 1126 1520 quoque
1151 1424 1208 1495 vel

230 1546 446 1640 probaretur,
464 1545 519 1615 vel
529 1543 732 1639 displiceret.
781 1546 907 1616 Itanec
921 1562 1112 1639 praeceptor
1127 1543 1209 1615 dee·

233 1683 285 1736 rat
313 1662 464 1758 optimus
496 1660 653 1757 quidem,
678 1666 712 1733 δι
736 1662 966 1749 elesiiffimus,
996 1661 1057 1758 qui
1085 1659 1212 1735 faciem

234 1780 456 1877 eloquentiae,
487 1806 557 1852 non
575 1781 763 1877 imaginem
782 1781 971 1877 praestaret:
1003 1806 1066 1854 nec
1084 1783 1208 1854 adver-

234 1898 308 1971 sarii
333 1904 366 1972 ἃ
385 1899 513 1989 aemnli,
531 1898 636 1986 serto,
655 1926 725 1971 non
738 1901 881 1972 rudibus
899 1899 1126 1974 dimicantes:
1151 1899 1210 1974 sed

235 2019 443 2092 auditorium
459 2018 592 2114 semper
610 2020 766 2114 plenum,
784 2018 916 2115 semper
933 2044 1080 2109 novum,
1093 2045 1138 2092 ex
1156 2019 1211 2092 in-

235 2139 326 2212 vidis
343 2143 376 2211 8:
395 2137 603 2226 faventibus,
619 2159 656 2209 ut
673 2163 736 2210 nec
756 2140 844 2210 bene
860 2138 952 2209 dida
964 2139 1211 2212 diffimularen-

235 2278 302 2330 tur.
351 2257 446 2330 Scitis
463 2257 555 2329 enirn
574 2282 738 2354 magnam
758 2258 852 2329 illam
872 2263 905 2328 δι
923 2260 1121 2331 duraturam
1139 2246 1232 2331 elo-¹

237 2376 387 2474 quentiae
399 2376 527 2448 samam
545 2402 614 2448 non
634 2377 748 2449 minus
767 2376 799 2448 in
817 2376 955 2448 diversis
971 2376 1133 2450 subselliis
1150 2403 1211 2474 pa-

236 2497 318 2584 rari,
334 2498 441 2593 quam
453 2495 541 2568 suis:
561 2496 756 2591 quinimmo
776 2496 986 2568 constantius
1002 2496 1137 2593 surgere
1149 2496 1211 2587 ibi,

229 2617 376 2696 ¹sideliiis
393 2614 615 2690 corroborari.
666 2620 784 2711 Atque
801 2616 940 2687 hercule
964 2612 1026 2686 sub
1047 2612 1215 2710 ejusmodi

238 2736 503 2832 praeceptoribus
521 2733 661 2830 juvenis
679 2733 750 2821 ille,
776 2735 819 2805 de
836 2759 908 2829 quo
928 2732 1117 2829 loquimur,
1135 2758 1213 2804 ora-

236 2875 352 2927 torum
369 2853 566 2951 discipulus,
585 2852 651 2924 sori
669 2851 818 2941 auditor,
835 2847 1212 2946 sedatorjudiciorum,

238 2973 446 3046 eruditus&
477 2970 689 3045 adsuefactus
717 2969 834 3042 alienis
858 2968 1115 3067 experimentis,
1142 2969 1213 3061 cui,

241 3092 394 3189 quotidie
411 3090 577 3180 audienti,
609 3110 699 3162 notae
720 3091 825 3187 leges,
857 3114 926 3161 non
949 3087 1031 3160 novi
1051 3087 1215 3184 judicum

238 3212 367 3301 vultus,
396 3210 558 3308 frequens
574 3210 609 3282 in
633 3209 741 3282 oculis
758 3208 966 3285 consuetudo
990 3211 1213 3301 concionum,

239 3333 327 3426 saepe
345 3328 492 3427 cognitae
512 3328 632 3425 populi
655 3354 765 3417 aures,
788 3333 856 3402 sive
880 3327 1130 3403 accusationem
1147 3328 1214 3404 sus·
1282 3322 1283 3327 ἵ

239 3468 391 3544 ceperat,
411 3451 478 3520 five
494 3445 737 3538 defensionem,
756 3446 844 3521 solus
855 3448 966 3520 statim
986 3453 1019 3521 &
1036 3476 1124 3522 unus
1141 3449 1214 3522 cui·

241 3592 393 3663 cumque
410 3566 516 3640 causae
535 3586 688 3663 parerat.
737 3567 983 3640 Nonodecimo
1001 3567 1108 3639 aetatis
1124 3592 1217 3639 anno

242 3689 288 3758 L.
305 3687 438 3758 Crassus
456 3688 498 3758 C.
522 3689 732 3775 Carbonem,
757 3713 828 3758 uno
857 3693 890 3758 ἃ
916 3686 1076 3759 vicefimo
1102 3686 1215 3759 Caesar

243 3805 476 3893 Dolabellam,
505 3805 610 3878 altero
637 3805 675 3874 δι
699 3804 859 3877 vicesimo
877 3803 1012 3877 Asinius
1032 3804 1145 3876 Pollio
1171 3807 1215 3878 C.

244 3924 428 4016 Catonern,
472 3948 543 3998 non
575 3922 688 3997 multo
715 3942 814 3997 aetate
848 3923 1052 3999 antecedens
1086 3924 1216 4001 Calvus
