3000 5144
349 537 396 628 64
538 533 579 609 C.
621 537 885 612 Connaarr
925 536 1122 615 Tacrrr

344 734 406 805 per
422 706 742 785 senatusconsultum
760 711 917 809 reposuit.
967 712 1125 784 Creditus
1141 712 1187 784 est
1204 712 1309 785 etiam

343 829 389 900 de
427 831 630 902 celebrandd
657 831 805 902 Neronis
836 831 1002 903 memoria
1029 830 1215 926 agitavisse,
1252 829 1311 926 spe

343 949 490 1045 vulgum
508 948 702 1020 alliciendi:
731 954 763 1020 lle
782 948 891 1036 fuere,
920 947 981 1044 qui
1009 947 1176 1043 imagines
1192 949 1308 1021 Nero·

341 1066 394 1136 nis
412 1086 665 1161 proponerent:
697 1087 800 1164 atque
816 1067 916 1139 etiam
933 1065 1082 1154 Othoni,
1105 1063 1310 1161 quibusdam

342 1185 465 1257 diebus
484 1186 684 1280 populus&
702 1186 815 1273 miles,
838 1206 1015 1282 tamquam
1031 1183 1245 1256 nobilitatem
1269 1210 1310 1256 ac

341 1305 446 1375 decus
476 1304 698 1391 adstruerent,
734 1327 883 1375 annom
910 1327 1055 1374 oritoni
1084 1302 1306 1374 adclamavit.

342 1423 418 1519 lpse
441 1423 477 1494 in
498 1422 653 1519 suspenso
667 1422 794 1510 tenuit,
825 1420 963 1493 vetandi
981 1438 1090 1509 metu,
1115 1422 1171 1492 vel
1186 1418 1310 1516 agnos-

340 1541 442 1614 cendi
467 1541 610 1636 pudore.

388 1660 563 1731 Lxxlx.
587 1660 807 1731 Couvras1s
824 1660 868 1730 ad
888 1658 991 1731 civile
1012 1660 1144 1731 bellum
1168 1657 1307 1747 animis,

340 1798 479 1851 externa
520 1779 587 1847 fine
626 1781 707 1848 cura
742 1779 967 1849 habebantur.
1030 1776 1084 1847 Εὸ
1128 1777 1310 1850 audentihs

340 1895 556 1984 Rhoxolani,
601 1895 786 1967 Sarmatica
814 1921 912 1992 gens,
938 1895 1048 1991 priore
1073 1896 1185 1967 hieme
1217 1899 1312 1968 caelis

340 2016 475 2087 duabus
491 2014 703 2102 cohortibus,
722 2017 848 2110 magna
876 2011 934 2110 spe
958 2015 1001 2085 ad
1030 2017 1194 2087 Moesram
1212 2013 1307 2086 inru-

340 2153 480 2229 perant:
513 2158 639 2204 novem
658 2131 766 2204 millia
782 2132 952 2228 equitum,
975 2158 1018 2205 ex
1035 2130 1210 2205 ferocia&
1235 2130 1308 2205 suc·

341 2253 448 2340 cella,
475 2251 599 2347 praedae
616 2250 739 2345 magis,
770 2251 877 2346 quam
895 2276 1022 2346 pugnae
1039 2249 1180 2322 intenta.
1230 2250 1303 2347 lgi-

340 2388 398 2441 tur
427 2393 535 2464 vagos
567 2373 599 2441 a
629 2366 826 2457 incuriosos,
857 2368 956 2441 tertia
996 2368 1100 2465 legio,
1142 2367 1309 2465 adjunelis

339 2486 490 2576 auxiliis,
517 2487 656 2582 repenti:
685 2486 823 2559 invasit:
864 2487 958 2583 apud
983 2490 1163 2559 Romanos
1187 2487 1308 2560 omnia

340 2606 466 2705 proelio
495 2625 594 2702 apta:
624 2608 785 2678 Sarmatae
812 2603 948 2701 dispersi
976 2604 1137 2700 cupidine
1165 2606 1305 2700 praedae,

337 2747 398 2799 aut
421 2750 541 2823 graves
561 2748 665 2796 onere
688 2723 907 2812 sarcinarum,
932 2727 965 2795 δι
990 2724 1122 2796 lubrico
1140 2722 1304 2796 itinerum

340 2845 502 2941 ademptal
520 2869 691 2938 equorum
709 2842 921 2938 pernicitate,
948 2844 1044 2914 velut
1067 2841 1172 2914 vineti
1196 2845 1307 2916 caede·

340 2966 477 3038 bantur.
528 2965 693 3059 Namque
710 2960 836 3034 mirum
853 2961 961 3051 dictu,
983 2979 1022 3033 ut
1047 2964 1085 3034 sit
1102 2960 1215 3035 omnis
1231 2965 1306 3037 Sar·

342 3101 517 3157 matarum
543 3081 666 3171 virtus,
698 3083 794 3152 velut
819 3100 915 3152 extra
937 3079 1046 3176 ipsos:
1077 3079 1162 3152 nihil
1184 3082 1228 3152 ad
1246 3106 1306 3178 pe·

340 3202 487 3276 destrem
515 3226 669 3298 pugnam
697 3218 768 3270 tam
801 3198 986 3299 ignavum:
1014 3198 1073 3271 ubi
1097 3223 1157 3293 per
1177 3217 1308 3271 turmas

340 3323 527 3408 advenere,
557 3319 618 3391 vix
647 3320 718 3391 ulla
735 3317 823 3389 acies
840 3316 1016 3388 obstiterit.
1064 3317 1131 3389 Sed
1148 3336 1224 3388 tum
1240 3318 1306 3388 hu-

340 3441 439 3513 mido
456 3440 526 3529 die,
546 3443 579 3512 δι
596 3437 707 3511 soluto
731 3439 824 3534 gelu,
843 3460 955 3533 neque
971 3434 1078 3522 conti,
1102 3459 1215 3530 neque
1232 3436 1306 3531 gla-

340 3558 404 3649 dii,
430 3583 516 3654 quos
545 3558 742 3654 praelongos
769 3557 913 3650 utraque
935 3579 1041 3626 manu
1064 3573 1199 3651 regunt,
1217 3551 1306 3642 usui,

340 3674 547 3772 lapsantibus
563 3674 673 3772 equis,
693 3679 726 3746 &
744 3674 1035 3769 cataphraclarum
1053 3672 1215 3769 pondere.
1264 3674 1307 3745 ld

343 3792 606 3889 principibus&
623 3791 830 3866 nobiliffimo
855 3791 980 3887 cuique
1007 3812 1161 3887 tegmen,
1191 3788 1307 3862 ferreis

342 3911 491 4003 laminis,
518 3932 576 3984 aur
600 3913 756 4009 praeduro
772 3911 866 3985 corio
884 3910 1101 3999 consertum:
1130 3929 1170 3984 ut
1185 3910 1306 3983 adver·
