3000 5144
320 576 565 650 Drahonus
602 601 661 650 nn
698 580 1023 654 Onnronrnus.
1114 605 1157 655 21

185 745 336 820 minibus
358 747 464 821 fecisti
490 745 641 846 plurium
659 747 827 846 ejusmodi
848 751 1028 839 librorum,
1052 750 1160 847 quam

183 863 219 935 in
239 870 352 961 Apro,
378 869 474 965 quod
491 870 651 941 nondum
668 894 688 941 a
703 868 909 943 scholasticis
926 869 1161 943 controversiis

183 987 335 1070 receffit3
356 986 512 1059 &otium
531 986 628 1059 suum
643 990 776 1060 mavult
792 1012 964 1060 novorum
978 988 1159 1061 rhetorum

182 1126 295 1191 more,
322 1104 429 1199 quam
446 1125 603 1178 veterum
621 1127 810 1198 oratorum,
838 1106 1048 1180 consumere.

229 1222 311 1293 XV.
336 1224 434 1295 Tou
463 1225 565 1320 Aper,
592 1226 677 1296 Non
693 1225 830 1314 definis,
856 1226 1016 1311 Messala,
1042 1243 1158 1298 vetera

179 1339 315 1412 tanthm
334 1345 368 1413 &
385 1341 527 1439 antiqua
553 1342 682 1432 mirari,
708 1343 904 1416 nostrorum
920 1362 1037 1415 autem
1065 1363 1154 1415 tem·

178 1482 303 1553 porum
326 1459 438 1533 studia
466 1460 617 1533 inridere
643 1481 748 1558 atque
776 1481 1009 1534 contemnere.
1058 1462 1155 1535 Nam

178 1577 272 1649 hunc
298 1597 399 1651 tuum
424 1577 618 1652 sermonem
645 1579 886 1677 saepeexcepi,
912 1581 993 1652 cum
1022 1579 1154 1654 oblitus

178 1698 212 1768 δι
243 1715 324 1785 tuae,
355 1702 389 1769 δε
417 1697 526 1770 fratris
552 1699 602 1770 tui
624 1699 843 1795 eloquentiae,
874 1698 1051 1770 neminem
1084 1700 1152 1772 hoc

178 1831 336 1910 tempore
360 1838 531 1889 oratorem
558 1820 624 1889 effe
648 1819 881 1890 contenderes.
931 1823 1051 1913 Atque
1072 1816 1152 1890 iden

180 1934 284 2006 credo
310 1935 488 2024 audaciirs,
519 1935 614 2031 quod
643 1936 786 2034 maligni
817 1937 854 2008 in
881 1935 921 2009 iis
947 1936 1150 2032 opinionem

177 2075 250 2123 non
274 2054 456 2142 verebaris,
492 2055 574 2128 ciam
590 2080 665 2127 eam
696 2054 856 2152 gloriam,
880 2080 987 2150 quam
1004 2057 1067 2130 tibi
1095 2056 1153 2130 alii

175 2172 384 2261 concedunt,
414 2171 482 2269 ipse
500 2172 563 2246 tibi
580 2174 777 2270 denegares.
826 2175 954 2270 Neque
971 2174 1075 2263 illius,
1101 2179 1150 2245 in-

175 2293 257 2384 quit,
283 2290 445 2364 sermonis
473 2292 541 2364 mei
574 2292 807 2389 paenitentiam
833 2317 916 2389 ag0‚
951 2318 1065 2389 neque
1093 2312 1152 2365 aut

173 2409 384 2500 Secundum,
421 2430 479 2483 aut
508 2414 725 2502 Maternum,
759 2431 817 2485 aut
842 2409 1004 2507 teipsum,
1039 2416 1149 2508 Aper,

76 2567 80 2575 =
175 2528 411 2626 (quamquam
423 2529 598 2602 interdum
614 2529 651 2602 in
669 2530 880 2602 contrarium
896 2528 1067 2627 disputes)
1087 2530 1148 2603 ali·

175 2666 225 2718 ter
241 2644 364 2720 sentire
389 2649 504 2720 credo
555 2653 610 2722 Ac
637 2649 744 2721 velim
761 2648 986 2743 impetratum
1016 2650 1062 2720 ab
1085 2649 1147 2720 ali·

173 2789 245 2861 quo
261 2765 428 2857 vestnim,
457 2788 495 2840 ut
523 2765 636 2839 causas
664 2765 766 2864 hujus
784 2766 929 2838 infinitae
944 2765 1146 2840 differentia

171 2881 340 2957 scrutetur
355 2910 396 2959 ac
423 2885 558 2974 reddat,
588 2911 673 2982 quas
691 2909 829 2985 mecum
857 2882 928 2979 ipse
942 2885 1149 2980 plerumque

172 3002 366 3099 conquiro:
395 3008 429 3077 δι
457 3005 555 3100 quod
583 3001 790 3100 quibusdam
814 3000 936 3075 solutio
963 3002 1027 3092 est,
1060 3002 1147 3077 mihi

171 3141 276 3218 auget
293 3121 532 3217 quaestionem,
559 3121 639 3218 quia
666 3122 770 3195 video
786 3120 891 3194 etiam
915 3120 1027 3194 Graiis
1054 3120 1146 3195 acci-

171 3238 271 3328 diffe,
312 3260 353 3312 ut
379 3241 518 3336 longihs
547 3244 631 3313 absit
657 3241 821 3315 AEschine
849 3245 882 3313 δι
911 3241 1146 3314 Demosthene

170 3358 335 3430 Sacerdos
351 3359 410 3431 iste
425 3359 580 3448 Nicetes,
607 3364 639 3432 ἃ
659 3363 681 3431 fi
700 3358 880 3456 quisalius
900 3357 1074 3455 Ephesum
1088 3361 1144 3432 vel

171 3476 361 3571 Mitylenas
373 3477 542 3550 contentis
552 3476 826 3551 scholasticorum
837 3477 1044 3550 clamoribus
1056 3504 1142 3575 qua·

168 3593 223 3682 tit,
246 3596 354 3691 quam
378 3596 479 3686 Aser,
505 3617 562 3669 aut
579 3595 775 3688 Africanus,
800 3616 857 3670 aut
874 3621 936 3669 vos
958 3595 1018 3693 ipfi
1045 3596 1143 3670 aci-

143 3757 145 3762 =
171 3737 308 3803 cetone,
334 3734 393 3786 aut
408 3719 527 3788 Afinio
546 3714 727 3788 recessistis.

217 3833 316 3903 XVI.
342 3835 549 3922 Maioriani,
588 3832 698 3930 inquit
726 3834 893 3921 Secundus,
931 3835 965 3904 δι
998 3833 1144 3931 dignam

170 3952 314 4026 uenatu
337 3951 562 4052 questionem
579 3952 740 4029 movisti:
766 3950 824 4028 sed
840 3950 917 4049 quis
933 3976 1010 4026 eam
1019 3951 1143 4052 justiirs
