3000 5144
358 539 440 649 58·
564 535 1140 609 C.Connat11Tncrrr

356 706 520 802 Principi,
552 708 738 783 firmiffima
760 709 1011 807 Transpadanae
1037 710 1185 809 regionis
1210 711 1325 785 muni·

355 825 458 921 cipia,
476 827 732 916 Mediolanum,
756 855 795 901 ac
813 830 1018 919 Novariam,
1047 835 1079 903 δι
1100 832 1324 927 Eporediam,

355 969 396 1015 ac
426 946 611 1035 Vercellas,
629 945 840 1043 'adjunxdre
902 951 943 1020 ld
973 948 1120 1020 Caecinae
1148 973 1209 1044 per
1236 950 1325 1045 ipsos

297 1067 299 1072 ’
354 1083 582 1158 compertum.
645 1067 692 1136 Et
725 1066 814 1161 quia¹
834 1067 990 1161 praesrdio
1015 1068 1077 1138 alae
1110 1066 1211 1138 unius
1236 1067 1324 1141 latis-

355 1184 436 1253 slma
454 1208 531 1278 pars
556 1183 661 1256 ltaliae
679 1181 816 1256 defendi
840 1183 1017 1281 nequibat,
1047 1184 1221 1280 praemissis
1239 1188 1323 1258 Gal·

351 1301 481 1390 lorum,
501 1305 758 1391 Lusitanorum,
777 1303 1089 1398 Britannorumque
1106 1302 1321 1393 cohortibus,

355 1421 390 1489 &
424 1422 680 1495 Germanorum
701 1421 850 1511 vexillis,
883 1447 965 1493 cum
988 1423 1040 1492 ald
1072 1420 1220 1508 Petrind,
1254 1419 1323 1517 ipse

355 1540 549 1633 paullulum
578 1541 766 1627 cunstatus,
796 1564 881 1610 num
900 1537 1042 1611 Raeticis
1053 1536 1148 1635 jugis
1164 1539 1198 1609 in
1216 1539 1322 1613 Nori-

351 1683 434 1729 cum
451 1659 614 1745 dederet,
645 1658 807 1730 advershs
824 1657 1024 1729 Petronium
1053 1656 1102 1734 ibi
1124 1677 1321 1754 procurato·

350 1801 438 1864 tem,
456 1774 516 1872 qui
534 1775 673 1848 concitis
697 1775 846 1864 auxiliis,
874 1780 906 1847 ἃ
925 1775 1122 1872 interruptis
1135 1775 1322 1850 fluminum

351 1894 528 1990 pontibus,
558 1896 647 1967 sidus
663 1894 795 1966 Othoni
814 1896 1008 1989 putabatur.
1057 1895 1124 1967 Sed
1142 1914 1250 1983 metu,
1277 1920 1322 1968 ne

351 2014 520 2085 amitteret
533 2013 715 2109 praemissas
724 2011 799 2109 jam
819 2015 973 2085 cohortes
990 2013 1139 2109 alasque,
1154 2014 1252 2085 simul
1270 2037 1320 2084 re·

351 2152 475 2227 putans
503 2134 580 2229 plus
604 2132 719 2228 gloriae
749 2135 877 2203 retenth
900 2131 1010 2219 ltalid,
1045 2135 1077 2202 &
1108 2131 1322 2227 ubicumque

350 2268 517 2322 certatum
535 2248 635 2338 foret,
661 2250 808 2322 Noricos
824 2250 860 2321 in
877 2269 986 2322 cetera
1002 2248 1160 2352 vistoriae·
1178 2249 1322 2345 praemia

350 2370 512 2457 cessuros,
537 2368 669 2439 Penino
697 2367 939 2465 subfignanum
960 2367 1107 2439 militem
1128 2367 1259 2456 itinere,
1286 2370 1320 2441 δι

351 2511 456 2582 grave
486 2485 666 2584 legionum
694 2512 834 2586 agmen,
861 2486 1012 2559 hibernis
1038 2488 1151 2559 adhuc
1170 2486 1320 2583 Alpibus

348 2605 512 2676 traduxit.

394 2724 530 2795 LXXI.
555 2727 667 2797 Orno
699 2725 846 2815 interim,
875 2746 992 2798 contra
1022 2726 1117 2822 spem
1142 2725 1318 2818 omnium,

348 2868 419 2914 non
436 2843 579 2932 deliciis,
609 2870 721 2940 neque
737 2845 863 2916 defidis
889 2843 1097 2940 torpescere:
1124 2845 1236 2917 dilatae
1254 2871 1318 2918 vo-

344 2965 504 3059 luptates,
515 2962 718 3035 diffimulata
731 2965 879 3052 luxuria,
900 2968 933 3035 δε
951 2965 1075 3034 cundia
1091 2962 1134 3034 ad
1153 2964 1316 3036 decorem

346 3080 483 3177 imperii
508 3085 706 3181 composita.
758 3084 880 3179 Edque
907 3084 985 3177 plus
1011 3079 1206 3153 formidinis
1236 3084 1316 3154 affe-

343 3204 464 3273 rebant
490 3199 578 3275 falsae
601 3200 754 3290 virtutes,
787 3199 922 3272 &vitia
949 3199 1110 3271 reditura.
1160 3200 1317 3275 Marium

348 3318 500 3408 Celsum,
531 3319 704 3390 consulem
726 3319 956 3414 designatum,
986 3344 1045 3414 per
1068 3316 1215 3414 speciem
1237 3318 1315 3389 vin-

344 3441 514 3525 culorum,
527 3436 662 3509 saevitiae
675 3437 826 3511 militum
844 3436 1066 3525 subtradum,
1079 3436 1179 3508 acciri
1197 3436 1234 3506 in
1247 3438 1315 3508 Ca-

348 3557 507 3653 pitolium
520 3555 639 3652 jubet:
669 3555 859 3627 clementiae
878 3556 1009 3642 titulus,
1028 3554 1137 3629 evito
1154 3554 1259 3640 claro,
1283 3558 1316 3626 dt

347 3675 500 3770 partibus
519 3672 639 3761 invis0,
659 3676 849 3768 petebatur.
899 3671 1028 3760 Celsus,
1048 3670 1237 3743 constanter
1253 3670 1317 3742 ser-

347 3813 433 3864 vatae
452 3818 532 3887 erga
548 3794 698 3863 Galbam
724 3791 804 3862 fidei
833 3789 962 3862 crimen
986 3788 1165 3877 confessus,
1195 3815 1315 3861 exem-

348 3913 448 4014 plum
480 3914 570 3984 ultro
595 3908 788 4007 imputavit.
837 3910 915 3982 Nec
943 3909 1054 3998 Otho,
1084 3911 1178 4004 quasa
1201 3907 1315 4005 ignos-
