3000 5144
352 559 624 633 Drntoous
664 580 723 628 ua
757 557 1100 631 Onnrontuus.
1186 584 1226 635 tt

259 729 439 824 quoddam
458 731 539 799 sicut
562 727 663 824 ipsius
684 725 857 812 dillonis,
883 725 928 797 ita
952 726 1068 821 gaudii
1096 727 1231 822 pondus

261 852 294 920 δι
312 846 522 919 constantia:
550 850 617 918 five
633 870 760 917 novam
779 848 811 916 ὅτ
836 866 1006 916 recentem
1024 870 1142 917 curam
1160 871 1230 917 non

262 969 331 1038 stne
351 965 468 1061 aliqud
493 963 721 1060 trepidatione
742 962 848 1034 animi
872 962 1036 1051 attulerit,
1067 961 1138 1059 ipsa
1165 962 1231 1037 sol·

262 1084 407 1156 licitudo
423 1084 644 1155 commendat
662 1101 840 1167 eventum,
871 1083 903 1151 δι
931 1081 1142 1154 lenocinatur
1168 1110 1230 1155 vo·

261 1201 414 1300 luptati.x
444 1202 510 1274 Sed
529 1200 769 1296 extemporalis
797 1198 963 1285 audaciae,
995 1219 1099 1295 atque
1128 1201 1231 1298 ipsius

259 1320 462 1393 temeritatis
484 1321 539 1392 vel
559 1319 733 1415 praecipua
756 1316 954 1414 jucunditas
971 1317 1030 1390 est.
1080 1321 1174 1392 Nam
1197 1321 1233 1394 in

261 1439 402 1536 ingenio
436 1462 592 1534 quoque,
619 1441 703 1510 ficut
736 1436 772 1507 in
800 1462 897 1533 agro,
930 1462 1143 1533 quamquam
1168 1440 1234 1513 alia

261 1558 322 1630 diu
353 1556 505 1629 serantur
532 1577 637 1652 atque
664 1558 894 1646 elaborentur,
931 1555 1079 1652 gratiora
1105 1576 1234 1649 tamen,

263 1702 343 1773 quae
361 1675 417 1748 suzl
435 1673 556 1770 sponte
582 1673 776 1746 nascuntur.

314 1797 393 1867 Vll.
421 1797 615 1878 Eoumunr
647 1815 685 1865 ut
701 1794 746 1864 de
763 1817 820 1864 me
837 1790 904 1889 ipse
918 1790 1035 1883 fatear,
1065 1819 1136 1866 non
1153 1817 1234 1869 eum

260 1912 354 1985 diem
373 1912 537 1984 laetiorem
555 1910 627 2008 egi,
654 1936 725 2007 quo
748 1911 832 1984 mihi
850 1913 937 1983 latus
965 1914 1082 1985 clavus
1098 1915 1236 1988 oblatus

262 2032 323 2121 est,
353 2033 408 2103 vel
434 2055 507 2128 quo
525 2032 634 2102 homo
652 2055 777 2121 novus,
805 2032 842 2102 δι
869 2031 906 2103 in
934 2032 1071 2104 civitate
1089 2032 1233 2106 minime

260 2148 568 2238 favorabilium,
596 2149 818 2246 quaesturam,
843 2169 901 2221 aut
921 2150 1148 2241 tribunatum,
1175 2170 1235 2226 aut

263 2289 443 2366 praeturam
472 2267 613 2364 accepi:
650 2268 756 2364 quam
783 2294 856 2357 eos,
889 2269 1016 2365 quibus
1042 2269 1142 2359 mihi,
1172 2296 1235 2367 pro

263 2371 501 2461 mediocritate
533 2385 634 2482 hujus
661 2390 990 2484 quantulacumque
1019 2387 1234 2463 indicendo

263 2505 447 2594 facultatis,
476 2528 534 2579 aut
551 2531 649 2583 reum
673 2504 831 2602 prospere
847 2506 1044 2598 defendere,
1064 2528 1122 2581 aut
1138 2511 1235 2605 apud

262 2627 498 2698 centumviros
524 2621 660 2698 causam
687 2623 840 2720 aliquam
867 2622 1009 2697 feliciter
1036 2652 1146 2717 orare,
1176 2649 1236 2701 aut

268 2746 363 2840 apud
381 2743 577 2840 Principem
596 2742 681 2839 ipsos
699 2743 774 2815 illos
793 2743 981 2815 libertos&
1001 2765 1235 2839 procuratores

263 2863 467 2959 Principum
488 2861 576 2934 tueri
600 2867 632 2934 δι
660 2861 842 2935 defendere
865 2863 976 2933 datur.
1024 2864 1120 2935 Tum
1138 2865 1234 2937 mihi

263 2979 361 3079 supra
377 2981 583 3070 tribunatus,
610 2984 643 3053 δι
662 3000 835 3077 praeturas,
860 2985 892 3052 &
911 2981 1103 3054 consulatus
1120 2981 1234 3055 ascen·

264 3101 346 3173 dere
375 3099 508 3190 videor,
542 3120 618 3172 tum
653 3101 793 3190 habere,
831 3102 927 3196 quod
957 3101 992 3172 in
1022 3099 1068 3189 fe,
1101 3125 1169 3173 non
1199 3101 1234 3175 in

264 3219 346 3307 alio,
375 3217 498 3307 oritur,
527 3243 590 3290 nec
608 3217 776 3291 codicillis
795 3220 910 3307 datur,
941 3244 1005 3292 nec
1022 3244 1103 3291 cum
1126 3221 1235 3316 gratia

263 3337 370 3411 venit.
418 3341 508 3434 Qua
526 3334 617 3409 fama
642 3338 767 3411 &laus
783 3335 930 3434 cujusvis
950 3337 1030 3410 artis
1053 3362 1136 3409 cum
1158 3364 1234 3412 ora·

264 3477 380 3528 torum
399 3456 509 3552 gloril
526 3457 761 3552 comparanda
776 3456 837 3544 est,
863 3455 923 3552 qui
941 3482 1011 3528 non
1030 3455 1180 3530 inlustres
1196 3457 1234 3530 in

263 3578 363 3648 Urbe
379 3574 490 3646 folum
506 3575 597 3669 apud
617 3571 809 3671 negotiosos
826 3577 975 3647 &rebus
991 3575 1152 3664 intentos,
1177 3575 1234 3650 sed

263 3694 370 3766 etiam
388 3695 480 3788 apud
492 3691 637 3789 juvenes
655 3698 688 3766 ὃ(
706 3691 948 3780 adolescentes,
979 3693 1105 3789 quibus
1127 3695 1234 3767 modo

265 3814 358 3886 reela
380 3816 413 3884 δι
443 3794 574 3884 indoles
602 3810 663 3900 est,
692 3815 725 3884 δι
752 3813 844 3884 bona
866 3809 940 3906 spes
966 3809 1043 3883 ful?
1071 3815 1235 3909 Qtorum

266 3931 409 4004 uomina
425 3930 518 4029 prius
536 3951 690 4027 parentes
706 3928 821 4004 liberis
844 3926 910 4003 fuis
931 3928 1117 4028 ingerunt?
1146 3954 1238 4029 quos
