3000 5144
367 539 776 616 H1sron1Anutu
808 543 923 620 Lrs.
957 544 1001 619 V.
1102 570 1172 649 323

211 723 328 779 tamen
356 707 573 782 multitudini
607 711 805 786 consulitur.
866 718 960 789 Nam
996 717 1029 787 δε
1062 740 1184 790 necare

209 850 423 923 quemquam
453 853 497 900 ex
525 830 672 927 agnatis,
691 831 807 906 nefas:
827 833 1038 931 animasque,
1062 835 1187 931 proelio

208 962 267 1014 aut
283 942 456 1040 suppliciis
473 969 746 1045 peremptorum,
767 973 905 1025 aetemas
920 973 1051 1051 putant.
1086 954 1186 1026 Hinc

208 1064 397 1156 generandi
424 1091 535 1156 amor,
564 1070 597 1138 δι
626 1069 792 1143 moriendi
817 1092 1047 1167 contemptus.
1096 1072 1184 1145 Cot-

206 1205 291 1274 pora
313 1184 478 1274 condere,
505 1187 611 1282 quam
637 1213 802 1279 cremare,
829 1214 849 1262 e
874 1215 973 1262 more
990 1191 1181 1288 AEgypti03

207 1300 399 1399 eademque
428 1330 521 1393 cura,
555 1311 588 1379 &
617 1308 662 1379 de
689 1306 828 1380 infernis
857 1308 1039 1404 persuasio:
1070 1306 1183 1382 caeles·

207 1417 295 1490 tium
312 1423 443 1493 contri.
492 1424 656 1521 AEgyptii
685 1428 850 1523 pleraque
873 1427 1049 1517 animalia,
1072 1426 1181 1524 effigi·

205 1535 308 1634 esque
334 1544 540 1636 compositas
563 1563 790 1629 venerantur3
820 1546 933 1639 Judaei
959 1566 1075 1618 mente
1098 1544 1182 1635 sols,

204 1683 388 1755 unumque
416 1685 546 1731 numen
582 1660 791 1758 intelligunt.
858 1671 885 1706 “
904 1662 1085 1753 Prosanos,
1121 1664 1182 1761 qui

208 1782 237 1817 “
255 1778 362 1849 desim
381 1777 564 1874 imagines,
589 1781 792 1852 mortalibus
815 1781 980 1871 materiis,
1002 1782 1037 1854 in
1055 1779 1181 1878 species

206 1896 437 1969 “hominum
466 1899 643 1994 effingunt.
693 1901 876 1972 Summum
901 1880 994 1972 illud'
1015 1906 1048 1973 δι
1083 1922 1182 1973 aeter·

205 2019 233 2054 “
250 2040 349 2103 num,
393 2041 505 2112 neque
546 2016 725 2106 mutabile,
780 2044 894 2115 neque
926 2018 1181 2091 interiturum.”

203 2133 317 2230 Igitur
333 2138 429 2207 nulla
448 2139 624 2208 simulacra
641 2138 783 2210 urbibus
795 2136 873 2226 suis,
897 2138 1028 2210 nedum
1042 2137 1181 2235 templis

204 2256 325 2325 sinunt.
376 2258 462 2327 Non
479 2256 618 2353 regibus
635 2258 710 2329 haec
727 2257 892 2345 adulati0‚
911 2281 982 2328 non
992 2254 1181 2330 Caesaribus

202 2375 326 2445 honor.
376 2376 443 2447 Sed
468 2375 551 2472 quia
574 2375 762 2447 sacerdotes
784 2401 905 2448 eorum
934 2373 1020 2447 tibia
1043 2394 1179 2471 tympa-

201 2491 320 2590 nisque
345 2492 588 2582 concinebant,
615 2494 741 2566 hederal
758 2494 1007 2582 vinciebantur,
1035 2492 1181 2590 vitisque

202 2637 306 2684 aurea
331 2614 465 2709 templo
492 2632 643 2708 reperta:
678 2611 895 2684 “Liberum
928 2633 1062 2707 patrem
1096 2613 1178 2703 coli,

118 2726 141 2741 ”
205 2738 232 2772 “
251 2730 461 2804 domitorem
494 2731 684 2819 Orientis,”
717 2731 859 2827 quidam
896 2729 1047 2801 arbitrati
1088 2729 1179 2820 sunt,

202 2876 423 2948 nequaquam
436 2850 707 2947 congruentibus
722 2849 878 2921 institutis
893 2875 901 2919 :
923 2847 1054 2944 quippe
1071 2849 1179 2922 Liber

200 2968 301 3042 festos
318 2951 584 3066 laetosque'ritus
600 2965 709 3064 posuit
718 2996 729 3054 ;
752 2969 956 3062 Judaeorum
973 2992 1049 3039 mos
1063 2968 1176 3040 absur-

199 3089 265 3161 dus
287 3086 524 3185 sordidosque.

248 3210 310 3281 Vl.
336 3210 479 3281 Tanna
511 3206 677 3304 finesque,
712 3207 782 3302 qua
815 3206 859 3277 ad
887 3203 1065 3276 Orientem
1101 3229 1176 3278 ver·

201 3344 302 3422 gunt,
331 3330 462 3401 Arabi&
484 3327 731 3398 terminantur:
762 3350 783 3396 a
806 3322 972 3411 Meridie,
1001 3321 1177 3419 AEgyptus

197 3443 353 3542 objacet:
377 3449 423 3520 ab
439 3444 585 3533 Occasu,
609 3442 792 3517 Phoenices
818 3441 854 3510 δι
871 3465 988 3512 mare:
1018 3441 1176 3536 Septem·

196 3562 342 3636 trionem
371 3591 391 3636 a
415 3567 519 3637 latere
548 3562 651 3659 Syriae
678 3561 783 3657 longe
813 3557 1040 3655 prospeclant.
1088 3559 1176 3632 Cor·
1248 3596 1255 3601 ·

199 3707 285 3777 pora
318 3682 503 3755 hominurn
543 3679 703 3767 salubria,
750 3684 784 3750 lle
819 3675 960 3749 ferentia
992 3677 1172 3751 laborum:

198 3800 263 3873 rari
289 3800 429 3889 imbres,
456 3803 543 3872 uber
568 3797 689 3871 solum.
741 3798 945 3868 Exuberant
966 3792 1083 3891 fruges
1098 3795 1175 3869 nos·

197 3937 290 3992 trum
307 3920 352 3992 ad
368 3943 527 4004 motem3
557 3937 748 4015 praeterque
767 3939 821 3988 eas
839 3910 1029 3988 balsamum
1048 3917 1081 3984 ἃ
1100 3917 1174 4012 pal·

643 4036 679 4107 Y
704 4058 725 4106 2
