<?xml version="1.0" encoding="UTF-8"?>
<!DOCTYPE html PUBLIC "-//W3C//DTD XHTML 1.0 Transitional//EN"
    "http://www.w3.org/TR/xhtml1/DTD/xhtml1-transitional.dtd">
<html xmlns="http://www.w3.org/1999/xhtml" xml:lang="en" lang="en">
 <head>
  <title>
</title>
<meta http-equiv="Content-Type" content="text/html;charset=utf-8" />
  <meta name='ocr-system' content='tesseract 3.04.00' />
  <meta name='ocr-capabilities' content='ocr_page ocr_carea ocr_par ocr_line ocrx_word'/>
</head>
<body>
  <div class='ocr_page' id='page_1' title='image "./ccorneliitaciti02ernegoog_0285.png"; bbox 0 0 3000 5144; ppageno 0'>
   <div class='ocr_carea' id='block_1_1' title="bbox 260 556 1050 650">
    <p class='ocr_par' dir='ltr' id='par_1_1' title="bbox 260 556 1050 650">
     <span class='ocr_line' id='line_1_1' title="bbox 260 556 1050 650; baseline 0.003 -22"><span class='ocrx_word' id='word_1_1' title='bbox 260 560 328 650; x_wconf 82' lang='lat'>278</span> <span class='ocrx_word' id='word_1_2' title='bbox 464 556 1050 630; x_wconf 74' lang='lat' dir='ltr'>CConuaarrTncrrr</span> 
     </span>
    </p>
   </div>
   <div class='ocr_carea' id='block_1_2' title="bbox 257 723 1241 2486">
    <p class='ocr_par' dir='ltr' id='par_1_2' title="bbox 257 723 1241 2486">
     <span class='ocr_line' id='line_1_2' title="bbox 304 723 1241 825; baseline 0 -26"><span class='ocrx_word' id='word_1_3' title='bbox 304 730 437 801; x_wconf 86' lang='lat' dir='ltr'>XLVI.</span> <span class='ocrx_word' id='word_1_4' title='bbox 463 732 584 801; x_wconf 71' lang='lat' dir='ltr'>lunen</span> <span class='ocrx_word' id='word_1_5' title='bbox 611 755 689 825; x_wconf 91' lang='lat' dir='ltr'>quae</span> <span class='ocrx_word' id='word_1_6' title='bbox 720 728 872 801; x_wconf 88' lang='lat' dir='ltr'>militaris</span> <span class='ocrx_word' id='word_1_7' title='bbox 888 728 1006 801; x_wconf 85' lang='lat' dir='ltr'>seditio</span> <span class='ocrx_word' id='word_1_8' title='bbox 1032 723 1149 824; x_wconf 61' lang='lat' dir='ltr'>prope</span> <span class='ocrx_word' id='word_1_9' title='bbox 1179 751 1241 799; x_wconf 84' lang='lat' dir='ltr'>ex-</span> 
     </span>
     <span class='ocr_line' id='line_1_3' title="bbox 258 845 1241 944; baseline 0 -26"><span class='ocrx_word' id='word_1_10' title='bbox 258 850 344 918; x_wconf 77' lang='lat' dir='ltr'>arsit.</span> <span class='ocrx_word' id='word_1_11' title='bbox 394 849 636 920; x_wconf 84' lang='lat' dir='ltr'>Praetoriauam</span> <span class='ocrx_word' id='word_1_12' title='bbox 655 847 814 920; x_wconf 88' lang='lat' dir='ltr'>militiam</span> <span class='ocrx_word' id='word_1_13' title='bbox 832 849 1032 944; x_wconf 80' lang='lat' dir='ltr'>repetebant</span> <span class='ocrx_word' id='word_1_14' title='bbox 1055 871 1077 917; x_wconf 87' lang='lat' dir='ltr'>a</span> <span class='ocrx_word' id='word_1_15' title='bbox 1093 845 1241 918; x_wconf 89' lang='lat' dir='ltr'>Vitellio</span> 
     </span>
     <span class='ocr_line' id='line_1_4' title="bbox 257 964 1240 1063; baseline 0.002 -28"><span class='ocrx_word' id='word_1_16' title='bbox 257 965 396 1053; x_wconf 85' lang='lat' dir='ltr'>dimiffi,</span> <span class='ocrx_word' id='word_1_17' title='bbox 426 991 488 1061; x_wconf 90' lang='lat' dir='ltr'>pro</span> <span class='ocrx_word' id='word_1_18' title='bbox 513 965 713 1061; x_wconf 77' lang='lat' dir='ltr'>Vespasiano</span> <span class='ocrx_word' id='word_1_19' title='bbox 741 965 969 1063; x_wconf 85' lang='lat' dir='ltr'>congregati:</span> <span class='ocrx_word' id='word_1_20' title='bbox 999 969 1032 1037; x_wconf 91' lang='lat'>&amp;</span> <span class='ocrx_word' id='word_1_21' title='bbox 1061 964 1177 1037; x_wconf 60' lang='lat' dir='ltr'>ledus</span> <span class='ocrx_word' id='word_1_22' title='bbox 1201 964 1240 1037; x_wconf 89' lang='lat' dir='ltr'>in</span> 
     </span>
     <span class='ocr_line' id='line_1_5' title="bbox 260 1082 1238 1181; baseline -0.002 -25"><span class='ocrx_word' id='word_1_23' title='bbox 260 1086 419 1156; x_wconf 87' lang='lat' dir='ltr'>eamdem</span> <span class='ocrx_word' id='word_1_24' title='bbox 437 1083 531 1178; x_wconf 89' lang='lat' dir='ltr'>spem</span> <span class='ocrx_word' id='word_1_25' title='bbox 550 1110 568 1155; x_wconf 92' lang='lat' dir='ltr'>e</span> <span class='ocrx_word' id='word_1_26' title='bbox 586 1084 777 1181; x_wconf 85' lang='lat' dir='ltr'>legionibus</span> <span class='ocrx_word' id='word_1_27' title='bbox 794 1084 904 1172; x_wconf 88' lang='lat' dir='ltr'>miles,</span> <span class='ocrx_word' id='word_1_28' title='bbox 924 1082 1087 1179; x_wconf 78' lang='lat' dir='ltr'>promissa</span> <span class='ocrx_word' id='word_1_29' title='bbox 1104 1082 1238 1179; x_wconf 89' lang='lat' dir='ltr'>stipen-</span> 
     </span>
     <span class='ocr_line' id='line_1_6' title="bbox 261 1202 1240 1299; baseline 0.001 -25"><span class='ocrx_word' id='word_1_30' title='bbox 261 1203 319 1274; x_wconf 89' lang='lat' dir='ltr'>dia</span> <span class='ocrx_word' id='word_1_31' title='bbox 346 1203 534 1299; x_wconf 85' lang='lat' dir='ltr'>flagitabat.</span> <span class='ocrx_word' id='word_1_32' title='bbox 585 1204 642 1274; x_wconf 93' lang='lat' dir='ltr'>Ne</span> <span class='ocrx_word' id='word_1_33' title='bbox 660 1203 831 1274; x_wconf 88' lang='lat' dir='ltr'>Vitelliani</span> <span class='ocrx_word' id='word_1_34' title='bbox 854 1202 1010 1299; x_wconf 91' lang='lat' dir='ltr'>quidem,</span> <span class='ocrx_word' id='word_1_35' title='bbox 1040 1205 1110 1273; x_wconf 90' lang='lat' dir='ltr'>sme</span> <span class='ocrx_word' id='word_1_36' title='bbox 1128 1204 1240 1275; x_wconf 67' lang='lat' dir='ltr'>multd</span> 
     </span>
     <span class='ocr_line' id='line_1_7' title="bbox 260 1319 1236 1418; baseline -0.002 -24"><span class='ocrx_word' id='word_1_37' title='bbox 260 1324 368 1409; x_wconf 79' lang='lat' dir='ltr'>cade,</span> <span class='ocrx_word' id='word_1_38' title='bbox 400 1321 479 1416; x_wconf 91' lang='lat' dir='ltr'>pelli</span> <span class='ocrx_word' id='word_1_39' title='bbox 499 1340 665 1416; x_wconf 84' lang='lat' dir='ltr'>poterant.</span> <span class='ocrx_word' id='word_1_40' title='bbox 716 1322 887 1418; x_wconf 73' lang='lat' dir='ltr'>Ingressus</span> <span class='ocrx_word' id='word_1_41' title='bbox 904 1319 1009 1393; x_wconf 85' lang='lat' dir='ltr'>castra</span> <span class='ocrx_word' id='word_1_42' title='bbox 1026 1319 1236 1409; x_wconf 85' lang='lat' dir='ltr'><strong>Mucianus,</strong></span> 
     </span>
     <span class='ocr_line' id='line_1_8' title="bbox 259 1437 1237 1538; baseline 0 -25"><span class='ocrx_word' id='word_1_43' title='bbox 259 1442 330 1538; x_wconf 77' lang='lat' dir='ltr'>qud</span> <span class='ocrx_word' id='word_1_44' title='bbox 359 1441 480 1512; x_wconf 73' lang='lat' dir='ltr'>rectius</span> <span class='ocrx_word' id='word_1_45' title='bbox 509 1439 678 1534; x_wconf 86' lang='lat' dir='ltr'>stipendia</span> <span class='ocrx_word' id='word_1_46' title='bbox 708 1441 923 1536; x_wconf 79' lang='lat' dir='ltr'>singulorum</span> <span class='ocrx_word' id='word_1_47' title='bbox 951 1437 1129 1534; x_wconf 74' lang='lat' dir='ltr'>spectaret,</span> <span class='ocrx_word' id='word_1_48' title='bbox 1170 1440 1237 1513; x_wconf 84' lang='lat' dir='ltr'>suis</span> 
     </span>
     <span class='ocr_line' id='line_1_9' title="bbox 260 1555 1235 1654; baseline 0 -22"><span class='ocrx_word' id='word_1_49' title='bbox 260 1586 341 1632; x_wconf 90' lang='lat' dir='ltr'>eum</span> <span class='ocrx_word' id='word_1_50' title='bbox 370 1558 558 1654; x_wconf 83' lang='lat' dir='ltr'>insignibus</span> <span class='ocrx_word' id='word_1_51' title='bbox 583 1555 751 1653; x_wconf 90' lang='lat' dir='ltr'>armisque</span> <span class='ocrx_word' id='word_1_52' title='bbox 775 1558 920 1630; x_wconf 72' lang='lat' dir='ltr'>vidores</span> <span class='ocrx_word' id='word_1_53' title='bbox 947 1555 1136 1645; x_wconf 90' lang='lat' dir='ltr'>constituit,</span> <span class='ocrx_word' id='word_1_54' title='bbox 1157 1584 1235 1631; x_wconf 91' lang='lat' dir='ltr'>mo·</span> 
     </span>
     <span class='ocr_line' id='line_1_10' title="bbox 260 1673 1236 1770; baseline 0 -21"><span class='ocrx_word' id='word_1_55' title='bbox 260 1678 347 1750; x_wconf 91' lang='lat' dir='ltr'>dicis</span> <span class='ocrx_word' id='word_1_56' title='bbox 375 1677 462 1747; x_wconf 92' lang='lat' dir='ltr'>inter</span> <span class='ocrx_word' id='word_1_57' title='bbox 492 1674 523 1746; x_wconf 91' lang='lat' dir='ltr'>se</span> <span class='ocrx_word' id='word_1_58' title='bbox 552 1673 665 1770; x_wconf 87' lang='lat' dir='ltr'>spatiis</span> <span class='ocrx_word' id='word_1_59' title='bbox 694 1674 868 1746; x_wconf 86' lang='lat' dir='ltr'>discretos.</span> <span class='ocrx_word' id='word_1_60' title='bbox 922 1675 1019 1746; x_wconf 90' lang='lat' dir='ltr'>Tum</span> <span class='ocrx_word' id='word_1_61' title='bbox 1044 1674 1236 1767; x_wconf 86' lang='lat' dir='ltr'>Vitelliani,</span> 
     </span>
     <span class='ocr_line' id='line_1_11' title="bbox 263 1792 1237 1892; baseline 0.001 -26"><span class='ocrx_word' id='word_1_62' title='bbox 263 1822 349 1892; x_wconf 88' lang='lat' dir='ltr'>quos</span> <span class='ocrx_word' id='word_1_63' title='bbox 367 1795 459 1889; x_wconf 88' lang='lat' dir='ltr'>apud</span> <span class='ocrx_word' id='word_1_64' title='bbox 477 1792 624 1864; x_wconf 80' lang='lat' dir='ltr'>Bovillas</span> <span class='ocrx_word' id='word_1_65' title='bbox 640 1792 676 1862; x_wconf 94' lang='lat' dir='ltr'>in</span> <span class='ocrx_word' id='word_1_66' title='bbox 690 1792 903 1864; x_wconf 90' lang='lat' dir='ltr'>deditionem</span> <span class='ocrx_word' id='word_1_67' title='bbox 921 1812 1081 1887; x_wconf 89' lang='lat' dir='ltr'>acceptos</span> <span class='ocrx_word' id='word_1_68' title='bbox 1097 1819 1237 1866; x_wconf 90' lang='lat' dir='ltr'>memo-</span> 
     </span>
     <span class='ocr_line' id='line_1_12' title="bbox 262 1910 1237 2005; baseline 0.001 -20"><span class='ocrx_word' id='word_1_69' title='bbox 262 1914 423 1999; x_wconf 75' lang='lat' dir='ltr'>ravimus,</span> <span class='ocrx_word' id='word_1_70' title='bbox 455 1910 627 2005; x_wconf 87' lang='lat' dir='ltr'>ceterique</span> <span class='ocrx_word' id='word_1_71' title='bbox 656 1935 716 2005; x_wconf 93' lang='lat' dir='ltr'>per</span> <span class='ocrx_word' id='word_1_72' title='bbox 745 1912 894 1999; x_wconf 85' lang='lat' dir='ltr'>Urbem,</span> <span class='ocrx_word' id='word_1_73' title='bbox 931 1915 964 1983; x_wconf 67' lang='grc'>8(</span> <span class='ocrx_word' id='word_1_74' title='bbox 993 1910 1086 1983; x_wconf 89' lang='lat' dir='ltr'>Urbi</span> <span class='ocrx_word' id='word_1_75' title='bbox 1118 1912 1237 1986; x_wconf 82' lang='lat' dir='ltr'>vicina</span> 
     </span>
     <span class='ocr_line' id='line_1_13' title="bbox 262 2028 1235 2127; baseline -0.001 -23"><span class='ocrx_word' id='word_1_76' title='bbox 262 2031 457 2127; x_wconf 78' lang='lat' dir='ltr'>conquisiti,</span> <span class='ocrx_word' id='word_1_77' title='bbox 495 2030 735 2126; x_wconf 90' lang='lat' dir='ltr'>producuntur</span> <span class='ocrx_word' id='word_1_78' title='bbox 767 2029 875 2124; x_wconf 71' lang='lat' dir='ltr'>prope</span> <span class='ocrx_word' id='word_1_79' title='bbox 914 2028 1043 2101; x_wconf 72' lang='lat' dir='ltr'>intecto</span> <span class='ocrx_word' id='word_1_80' title='bbox 1076 2054 1235 2126; x_wconf 82' lang='lat' dir='ltr'>corpore.</span> 
     </span>
     <span class='ocr_line' id='line_1_14' title="bbox 262 2147 1235 2236; baseline 0.004 -17"><span class='ocrx_word' id='word_1_81' title='bbox 262 2156 289 2189; x_wconf 88' lang='lat'>“</span> <span class='ocrx_word' id='word_1_82' title='bbox 312 2151 405 2221; x_wconf 86' lang='lat' dir='ltr'>Eos&#39;’</span> <span class='ocrx_word' id='word_1_83' title='bbox 432 2150 616 2220; x_wconf 81' lang='lat' dir='ltr'>Mucianus</span> <span class='ocrx_word' id='word_1_84' title='bbox 642 2155 669 2189; x_wconf 90' lang='lat'><strong>“</strong></span> <span class='ocrx_word' id='word_1_85' title='bbox 687 2147 820 2236; x_wconf 88' lang='lat' dir='ltr'>diduci,</span> <span class='ocrx_word' id='word_1_86' title='bbox 846 2153 878 2219; x_wconf 69' lang='lat' dir='ltr'>a</span> <span class='ocrx_word' id='word_1_87' title='bbox 896 2148 1147 2222; x_wconf 87' lang='lat' dir='ltr'>Germanicum</span> <span class='ocrx_word' id='word_1_88' title='bbox 1165 2150 1235 2223; x_wconf 88' lang='lat' dir='ltr'>Bri·</span> 
     </span>
     <span class='ocr_line' id='line_1_15' title="bbox 263 2267 1234 2363; baseline 0.008 -28"><span class='ocrx_word' id='word_1_89' title='bbox 263 2274 288 2307; x_wconf 89' lang='lat'><strong>“</strong></span> <span class='ocrx_word' id='word_1_90' title='bbox 309 2267 557 2361; x_wconf 86' lang='lat' dir='ltr'>tanuieumque</span> <span class='ocrx_word' id='word_1_91' title='bbox 574 2267 734 2354; x_wconf 90' lang='lat' dir='ltr'>militem,</span> <span class='ocrx_word' id='word_1_92' title='bbox 768 2292 807 2338; x_wconf 91' lang='lat' dir='ltr'>ae</span> <span class='ocrx_word' id='word_1_93' title='bbox 836 2267 937 2363; x_wconf 87' lang='lat' dir='ltr'>srqui</span> <span class='ocrx_word' id='word_1_94' title='bbox 962 2267 1108 2341; x_wconf 89' lang='lat' dir='ltr'>aliorum</span> <span class='ocrx_word' id='word_1_95' title='bbox 1133 2294 1234 2343; x_wconf 84' lang='lat' dir='ltr'>exer-</span> 
     </span>
     <span class='ocr_line' id='line_1_16' title="bbox 263 2383 1233 2486; baseline 0.004 -30"><span class='ocrx_word' id='word_1_96' title='bbox 263 2392 290 2429; x_wconf 92' lang='lat'><strong>“</strong></span> <span class='ocrx_word' id='word_1_97' title='bbox 308 2384 455 2472; x_wconf 76' lang='lat' dir='ltr'>situum,</span> <span class='ocrx_word' id='word_1_98' title='bbox 492 2383 670 2480; x_wconf 87' lang='lat' dir='ltr'>separatim</span> <span class='ocrx_word' id='word_1_99' title='bbox 696 2385 874 2457; x_wconf 83' lang='lat' dir='ltr'>adsistere&#39;&#39;</span> <span class='ocrx_word' id='word_1_100' title='bbox 894 2384 1007 2482; x_wconf 85' lang='lat' dir='ltr'>jubet.</span> <span class='ocrx_word' id='word_1_101' title='bbox 1056 2389 1139 2460; x_wconf 89' lang='lat' dir='ltr'>lllos</span> <span class='ocrx_word' id='word_1_102' title='bbox 1164 2388 1233 2486; x_wconf 90' lang='lat' dir='ltr'>pri·</span> 
     </span>
    </p>
   </div>
   <div class='ocr_carea' id='block_1_3' title="bbox 158 2501 1235 2597">
    <p class='ocr_par' dir='ltr' id='par_1_3' title="bbox 158 2501 1235 2597">
     <span class='ocr_line' id='line_1_17' title="bbox 158 2501 1235 2597; baseline 0.005 -23"><span class='ocrx_word' id='word_1_103' title='bbox 158 2528 161 2533; x_wconf 74' lang='grc'><strong>’</strong></span> <span class='ocrx_word' id='word_1_104' title='bbox 262 2528 340 2575; x_wconf 90' lang='lat' dir='ltr'>mus</span> <span class='ocrx_word' id='word_1_105' title='bbox 367 2502 480 2574; x_wconf 89' lang='lat' dir='ltr'>statim</span> <span class='ocrx_word' id='word_1_106' title='bbox 505 2501 657 2597; x_wconf 71' lang='lat' dir='ltr'>aspectus</span> <span class='ocrx_word' id='word_1_107' title='bbox 680 2502 976 2597; x_wconf 81' lang='lat' dir='ltr'>obstupefecerat3</span> <span class='ocrx_word' id='word_1_108' title='bbox 1008 2506 1089 2579; x_wconf 76' lang='lat' dir='ltr'>clun</span> <span class='ocrx_word' id='word_1_109' title='bbox 1112 2531 1157 2578; x_wconf 83' lang='lat' dir='ltr'>ex</span> <span class='ocrx_word' id='word_1_110' title='bbox 1181 2505 1235 2579; x_wconf 92' lang='lat' dir='ltr'>di-</span> 
     </span>
    </p>
   </div>
   <div class='ocr_carea' id='block_1_4' title="bbox 224 2620 1238 4027">
    <p class='ocr_par' dir='ltr' id='par_1_4' title="bbox 224 2620 1238 4027">
     <span class='ocr_line' id='line_1_18' title="bbox 262 2620 1237 2714; baseline 0.006 -21"><span class='ocrx_word' id='word_1_111' title='bbox 262 2620 371 2709; x_wconf 81' lang='lat' dir='ltr'>verso,</span> <span class='ocrx_word' id='word_1_112' title='bbox 402 2621 495 2692; x_wconf 86' lang='lat' dir='ltr'>velut</span> <span class='ocrx_word' id='word_1_113' title='bbox 524 2621 632 2693; x_wconf 84' lang='lat' dir='ltr'>aciem</span> <span class='ocrx_word' id='word_1_114' title='bbox 659 2621 735 2693; x_wconf 88' lang='lat' dir='ltr'>telis</span> <span class='ocrx_word' id='word_1_115' title='bbox 764 2626 795 2693; x_wconf 76' lang='grc' dir='ltr'>δι</span> <span class='ocrx_word' id='word_1_116' title='bbox 823 2622 925 2696; x_wconf 91' lang='lat' dir='ltr'>armis</span> <span class='ocrx_word' id='word_1_117' title='bbox 953 2644 1100 2714; x_wconf 90' lang='lat' dir='ltr'>trucem,</span> <span class='ocrx_word' id='word_1_118' title='bbox 1129 2624 1237 2699; x_wconf 83' lang='lat' dir='ltr'>semet</span> 
     </span>
     <span class='ocr_line' id='line_1_19' title="bbox 224 2739 1232 2839; baseline 0.012 -34"><span class='ocrx_word' id='word_1_119' title='bbox 224 2800 227 2805; x_wconf 87' lang='lat'><em>.</em></span> <span class='ocrx_word' id='word_1_120' title='bbox 262 2739 405 2827; x_wconf 87' lang='lat' dir='ltr'>clausos,</span> <span class='ocrx_word' id='word_1_121' title='bbox 434 2739 624 2835; x_wconf 90' lang='lat' dir='ltr'>nudosque,</span> <span class='ocrx_word' id='word_1_122' title='bbox 660 2742 693 2809; x_wconf 85' lang='lat'>&amp;</span> <span class='ocrx_word' id='word_1_123' title='bbox 731 2739 850 2811; x_wconf 84' lang='lat' dir='ltr'>illuvie</span> <span class='ocrx_word' id='word_1_124' title='bbox 888 2739 1072 2830; x_wconf 86' lang='lat' dir='ltr'>deformes,</span> <span class='ocrx_word' id='word_1_125' title='bbox 1103 2741 1232 2839; x_wconf 88' lang='lat' dir='ltr'>aspice·</span> 
     </span>
     <span class='ocr_line' id='line_1_20' title="bbox 261 2857 1236 2956; baseline 0.005 -24"><span class='ocrx_word' id='word_1_126' title='bbox 261 2883 346 2933; x_wconf 88' lang='lat' dir='ltr'>rent.</span> <span class='ocrx_word' id='word_1_127' title='bbox 397 2861 448 2930; x_wconf 94' lang='lat' dir='ltr'>Ut</span> <span class='ocrx_word' id='word_1_128' title='bbox 475 2857 558 2929; x_wconf 77' lang='lat' dir='ltr'>vero</span> <span class='ocrx_word' id='word_1_129' title='bbox 580 2860 646 2929; x_wconf 88' lang='lat' dir='ltr'>huc</span> <span class='ocrx_word' id='word_1_130' title='bbox 676 2858 756 2929; x_wconf 92' lang='lat' dir='ltr'>illuc</span> <span class='ocrx_word' id='word_1_131' title='bbox 780 2859 918 2931; x_wconf 87' lang='lat' dir='ltr'>distrahi</span> <span class='ocrx_word' id='word_1_132' title='bbox 944 2862 1095 2956; x_wconf 61' lang='lat' dir='ltr'>coeprlre,</span> <span class='ocrx_word' id='word_1_133' title='bbox 1123 2882 1236 2937; x_wconf 90' lang='lat' dir='ltr'>metus</span> 
     </span>
     <span class='ocr_line' id='line_1_21' title="bbox 263 2975 1233 3075; baseline 0.005 -25"><span class='ocrx_word' id='word_1_134' title='bbox 263 3005 322 3075; x_wconf 91' lang='lat' dir='ltr'>per</span> <span class='ocrx_word' id='word_1_135' title='bbox 335 3003 467 3063; x_wconf 89' lang='lat' dir='ltr'>omnes,</span> <span class='ocrx_word' id='word_1_136' title='bbox 483 2976 518 3044; x_wconf 72' lang='lat' dir='ltr'>de</span> <span class='ocrx_word' id='word_1_137' title='bbox 539 2975 710 3070; x_wconf 72' lang='lat' dir='ltr'>praecipua</span> <span class='ocrx_word' id='word_1_138' title='bbox 723 2978 918 3050; x_wconf 87' lang='lat' dir='ltr'>Germanici</span> <span class='ocrx_word' id='word_1_139' title='bbox 933 2980 1050 3050; x_wconf 89' lang='lat' dir='ltr'>militis</span> <span class='ocrx_word' id='word_1_140' title='bbox 1066 2980 1233 3073; x_wconf 85' lang='lat' dir='ltr'>formido,</span> 
     </span>
     <span class='ocr_line' id='line_1_22' title="bbox 263 3093 1234 3191; baseline 0.006 -23"><span class='ocrx_word' id='word_1_141' title='bbox 263 3119 439 3191; x_wconf 83' lang='lat' dir='ltr'>tamquam</span> <span class='ocrx_word' id='word_1_142' title='bbox 466 3099 504 3165; x_wconf 75' lang='lat' dir='ltr'>eal</span> <span class='ocrx_word' id='word_1_143' title='bbox 522 3093 728 3188; x_wconf 83' lang='lat' dir='ltr'>separatione</span> <span class='ocrx_word' id='word_1_144' title='bbox 745 3096 788 3166; x_wconf 89' lang='lat' dir='ltr'>ad</span> <span class='ocrx_word' id='word_1_145' title='bbox 809 3099 941 3169; x_wconf 83' lang='lat' dir='ltr'>caedem</span> <span class='ocrx_word' id='word_1_146' title='bbox 963 3098 1234 3174; x_wconf 87' lang='lat' dir='ltr'>destinarentur:</span> 
     </span>
     <span class='ocr_line' id='line_1_23' title="bbox 265 3212 1236 3311; baseline 0.006 -25"><span class='ocrx_word' id='word_1_147' title='bbox 265 3215 416 3311; x_wconf 86' lang='lat' dir='ltr'>prensare</span> <span class='ocrx_word' id='word_1_148' title='bbox 434 3212 779 3306; x_wconf 82' lang='lat' dir='ltr'>commanipularium</span> <span class='ocrx_word' id='word_1_149' title='bbox 799 3217 950 3310; x_wconf 68' lang='lat' dir='ltr'>pestora,</span> <span class='ocrx_word' id='word_1_150' title='bbox 977 3217 1165 3292; x_wconf 81' lang='lat' dir='ltr'>cervicibus</span> <span class='ocrx_word' id='word_1_151' title='bbox 1183 3220 1236 3293; x_wconf 92' lang='lat' dir='ltr'>in·</span> 
     </span>
     <span class='ocr_line' id='line_1_24' title="bbox 264 3331 1238 3427; baseline 0.007 -22"><span class='ocrx_word' id='word_1_152' title='bbox 264 3334 367 3419; x_wconf 69' lang='lat' dir='ltr'>nodi,</span> <span class='ocrx_word' id='word_1_153' title='bbox 397 3333 552 3427; x_wconf 88' lang='lat' dir='ltr'>suprema</span> <span class='ocrx_word' id='word_1_154' title='bbox 581 3331 693 3403; x_wconf 85' lang='lat' dir='ltr'>oscula</span> <span class='ocrx_word' id='word_1_155' title='bbox 723 3353 849 3426; x_wconf 91' lang='lat' dir='ltr'>petere,</span> <span class='ocrx_word' id='word_1_156' title='bbox 885 3341 912 3375; x_wconf 88' lang='lat'><strong>“</strong></span> <span class='ocrx_word' id='word_1_157' title='bbox 933 3360 976 3406; x_wconf 90' lang='lat' dir='ltr'>ue</span> <span class='ocrx_word' id='word_1_158' title='bbox 1003 3334 1238 3413; x_wconf 87' lang='lat' dir='ltr'>desererentur</span> 
     </span>
     <span class='ocr_line' id='line_1_25' title="bbox 265 3449 1235 3552; baseline 0.008 -29"><span class='ocrx_word' id='word_1_159' title='bbox 265 3461 292 3496; x_wconf 75' lang='lat'>‘⁶</span> <span class='ocrx_word' id='word_1_160' title='bbox 311 3453 385 3540; x_wconf 92' lang='lat' dir='ltr'>soli,</span> <span class='ocrx_word' id='word_1_161' title='bbox 413 3478 479 3523; x_wconf 89' lang='lat' dir='ltr'>neu</span> <span class='ocrx_word' id='word_1_162' title='bbox 502 3452 536 3522; x_wconf 87' lang='lat' dir='ltr'>in</span> <span class='ocrx_word' id='word_1_163' title='bbox 554 3450 625 3546; x_wconf 90' lang='lat' dir='ltr'>pari</span> <span class='ocrx_word' id='word_1_164' title='bbox 644 3455 743 3522; x_wconf 77' lang='lat' dir='ltr'>causrl</span> <span class='ocrx_word' id='word_1_165' title='bbox 759 3449 929 3546; x_wconf 90' lang='lat' dir='ltr'>disparem</span> <span class='ocrx_word' id='word_1_166' title='bbox 947 3451 1118 3526; x_wconf 80' lang='lat' dir='ltr'>sorttmam</span> <span class='ocrx_word' id='word_1_167' title='bbox 1139 3480 1235 3552; x_wconf 86' lang='lat' dir='ltr'>pate·</span> 
     </span>
     <span class='ocr_line' id='line_1_26' title="bbox 266 3568 1237 3660; baseline 0.011 -19"><span class='ocrx_word' id='word_1_168' title='bbox 266 3580 292 3620; x_wconf 82' lang='lat'>⁴‘</span> <span class='ocrx_word' id='word_1_169' title='bbox 314 3592 427 3642; x_wconf 89' lang='lat' dir='ltr'>rentur</span> <span class='ocrx_word' id='word_1_170' title='bbox 445 3574 478 3641; x_wconf 90' lang='lat'>:&#39;&#39;</span> <span class='ocrx_word' id='word_1_171' title='bbox 525 3568 631 3641; x_wconf 78' lang='lat' dir='ltr'>modo</span> <span class='ocrx_word' id='word_1_172' title='bbox 662 3569 885 3660; x_wconf 83' lang='lat' dir='ltr'>Mucianum,</span> <span class='ocrx_word' id='word_1_173' title='bbox 918 3571 1025 3644; x_wconf 67' lang='lat' dir='ltr'>modi)</span> <span class='ocrx_word' id='word_1_174' title='bbox 1057 3573 1237 3652; x_wconf 89' lang='lat' dir='ltr'>absentem</span> 
     </span>
     <span class='ocr_line' id='line_1_27' title="bbox 263 3688 1235 3784; baseline 0.007 -24"><span class='ocrx_word' id='word_1_175' title='bbox 263 3689 474 3784; x_wconf 86' lang='lat' dir='ltr'>Principem,</span> <span class='ocrx_word' id='word_1_176' title='bbox 504 3688 712 3783; x_wconf 80' lang='lat' dir='ltr'>postremum</span> <span class='ocrx_word' id='word_1_177' title='bbox 729 3690 854 3759; x_wconf 83' lang='lat' dir='ltr'>caelum</span> <span class='ocrx_word' id='word_1_178' title='bbox 879 3715 918 3761; x_wconf 90' lang='lat' dir='ltr'>ac</span> <span class='ocrx_word' id='word_1_179' title='bbox 946 3691 1029 3762; x_wconf 92' lang='lat' dir='ltr'>deos</span> <span class='ocrx_word' id='word_1_180' title='bbox 1046 3695 1235 3768; x_wconf 89' lang='lat' dir='ltr'>obtestari:</span> 
     </span>
     <span class='ocr_line' id='line_1_28' title="bbox 262 3805 1236 3903; baseline 0.006 -23"><span class='ocrx_word' id='word_1_181' title='bbox 262 3811 373 3881; x_wconf 90' lang='lat' dir='ltr'>donec</span> <span class='ocrx_word' id='word_1_182' title='bbox 402 3808 602 3896; x_wconf 85' lang='lat' dir='ltr'>Mucianus,</span> <span class='ocrx_word' id='word_1_183' title='bbox 634 3814 660 3847; x_wconf 90' lang='lat'><strong>“</strong></span> <span class='ocrx_word' id='word_1_184' title='bbox 680 3808 821 3878; x_wconf 69' lang='lat' dir='ltr'>cundos</span> <span class='ocrx_word' id='word_1_185' title='bbox 847 3805 997 3903; x_wconf 86' lang='lat' dir='ltr'>ejusdem</span> <span class='ocrx_word' id='word_1_186' title='bbox 1018 3809 1236 3903; x_wconf 88' lang='lat' dir='ltr'>sacramenti,</span> 
     </span>
     <span class='ocr_line' id='line_1_29' title="bbox 263 3923 1237 4027; baseline 0.012 -32"><span class='ocrx_word' id='word_1_187' title='bbox 263 3923 458 4020; x_wconf 85' lang='lat' dir='ltr'>“ejusdem</span> <span class='ocrx_word' id='word_1_188' title='bbox 494 3924 716 4022; x_wconf 87' lang='lat' dir='ltr'>Imperatoris</span> <span class='ocrx_word' id='word_1_189' title='bbox 748 3925 897 4000; x_wconf 84' lang='lat' dir='ltr'>milites’&#39;</span> <span class='ocrx_word' id='word_1_190' title='bbox 925 3929 1116 4027; x_wconf 86' lang='lat' dir='ltr'>appellans,</span> <span class='ocrx_word' id='word_1_191' title='bbox 1149 3930 1237 4007; x_wconf 90' lang='lat' dir='ltr'>falso</span> 
     </span>
    </p>
   </div>
   <div class='ocr_carea' id='block_1_5' title="bbox 0 0 1510 5144">
    <p class='ocr_par' dir='ltr' id='par_1_5' title="bbox 0 0 1510 5144">
     <span class='ocr_line' id='line_1_30' title="bbox 0 0 1510 5144; baseline 0 0"><span class='ocrx_word' id='word_1_192' title='bbox 0 0 1510 5144; x_wconf 95' lang='lat' dir='ltr'> </span> 
     </span>
    </p>
   </div>
  </div>
 </body>
</html>
