3000 5144
338 518 385 608 46
546 509 1128 587 C.Conuar11Ta'crrt

338 679 479 759 lexerat.
529 690 640 760 Hunc
646 684 812 783 juvenem
824 688 952 774 Galba,
971 686 1172 783 quaestorem
1188 685 1223 758 in
1235 687 1309 759 13ae-

337 804 418 893 tica,
446 805 594 902 impigre
623 804 659 876 in
684 825 794 901 partes
819 803 891 878 suas
909 805 1156 902 transgreffum,
1183 804 1312 902 legioni

338 923 547 1017 praeposuit:
579 948 665 996 mox
686 944 905 1020 compertum
923 924 1100 1018 publicam
1125 924 1309 1019 pecuniam

337 1042 507 1131 avertiffe,
532 1062 570 1114 ut
594 1044 826 1138 peculatorem
849 1041 993 1137 flagitari
1014 1039 1119 1138 juffit.
1169 1042 1308 1116 Caecina

336 1161 429 1258 aegre
457 1163 582 1256 pallus,
612 1160 750 1234 miscere
777 1163 913 1248 cunda,
944 1163 977 1231 ἃ
1006 1159 1139 1255 privata
1165 1162 1310 1233 vulnera

335 1278 532 1375 reipublicae
557 1279 656 1351 malis
679 1278 813 1375 operire
836 1277 962 1351 statuit.
1010 1280 1088 1351 Nec
1106 1279 1248 1350 deerant
1273 1278 1310 1350 in

335 1396 488 1470 exercitu
505 1396 634 1471 semina
649 1395 838 1485 discordiae,
866 1394 961 1494 qubtl
979 1400 1012 1468 &
1041 1396 1133 1468 bello
1147 1397 1310 1469 adversus

336 1515 521 1588 Vindicem
538 1515 714 1589 universus
730 1515 899 1604 adfirerat,
919 1540 994 1603 nec,
1020 1514 1081 1587 nisi
1098 1515 1209 1588 occiso
1234 1518 1310 1588 Ne·

337 1658 436 1720 rone,
460 1634 638 1705 transsatus
665 1632 699 1703 in
718 1635 883 1721 Galbam,
906 1654 1008 1729 atque
1036 1633 1072 1704 in
1098 1658 1140 1706 eo
1164 1632 1235 1729 ipso
1259 1633 1309 1707 sa-

336 1769 515 1826 cramento
537 1750 673 1823 vexillis
700 1748 869 1824 inferioris
892 1751 1086 1824 Germaniae
1114 1771 1309 1847 praeventus

334 1891 417 1945 erat.
468 1872 514 1942 Et
527 1868 671 1941 Treveri
688 1896 727 1943 ac
744 1870 934 1967 Lingones,
954 1868 1104 1967 quasque
1125 1869 1207 1942 alias
1223 1869 1309 1943 civi·

335 2006 420 2063 tates
447 1989 618 2063 atrocibus
644 1989 778 2079 edidis,
807 2010 865 2063 aut
887 1990 1020 2061 damno
1044 1988 1168 2060 finium
1197 1989 1310 2060 Galba

336 2110 537 2205 perculerat,
563 2107 712 2180 hibernis
741 2106 920 2203 legionum
951 2107 1091 2204 propibs
1115 2104 1309 2180 miscentur.

337 2221 446 2298 Unde
467 2223 620 2298 seditiosa
641 2225 839 2322 conloquia,
872 2230 906 2297 δι
932 2228 1021 2297 inter
1043 2249 1197 2321 paganos
1224 2250 1304 2297 cor·

335 2345 469 2440 ruptior
484 2342 595 2432 miles,
618 2347 650 2415 &
677 2343 712 2415 in
733 2342 938 2440 Verginium
959 2342 1070 2433 favor,
1100 2341 1310 2439 cuicumque

336 2461 394 2536 alii
411 2461 621 2558 profuturus.

383 2583 482 2654 LIV.
508 2583 697 2654 Misnnnr
725 2581 845 2656 civitas
862 2581 1082 2680 Lingonum,
1111 2601 1227 2655 vetere
1249 2580 1302 2653 in·

334 2698 466 2788 stituto,
486 2702 579 2773 dona
595 2700 804 2798 legionibus,
832 2702 985 2789 dextras,
1004 2699 1141 2797 hospitii
1157 2700 1299 2796 insigne.

335 2819 463 2918 Legati
478 2844 612 2909 eorum,
638 2818 674 2889 in
700 2816 891 2913 squalorem
919 2817 1181 2916 maestitiamque
1206 2843 1304 2890 com·

335 2940 450 3035 positi,
493 2962 554 3034 per
593 2936 775 3033 principia,
820 2963 880 3030 per
912 2936 1153 3026 contubernia,
1196 2931 1305 3010 modb

335 3065 363 3099 “
382 3056 456 3129 suas
488 3054 669 3154 injurias,'’
711 3055 819 3126 modi)
856 3055 1078 3128 “civitatum
1108 3054 1304 3128 vicinarum

336 3182 364 3219 ‘⁶
383 3173 565 3271 praemia,’'
585 3179 634 3262 ur,
664 3172 726 3245 ubi
751 3173 865 3269 pronis
882 3173 1030 3245 militum
1055 3174 1195 3247 auribus
1216 3174 1306 3247 acci-

335 3292 517 3391 piebantur
539 3299 568 3335 “
580 3291 682 3389 ipsius
705 3291 876 3364 exercitlrs
893 3291 1044 3388 pericula
1068 3296 1102 3364 ὅτ
1123 3313 1303 3366 contume-

335 3419 364 3455 “
381 3411 467 3483 lias''
492 3430 753 3508 conquerentes,
779 3412 1012 3484 accendebant
1029 3410 1173 3484 animos.
1223 3414 1302 3484 Nec

334 3530 456 3627 procul
479 3530 643 3603 seditione
668 3531 822 3619 aberant,
847 3530 930 3602 clun
958 3529 1185 3602 Hordeonius
1203 3531 1303 3602 Flac·

335 3673 395 3722 cus
427 3648 565 3721 “abire
594 3649 761 3745 legatos,''
796 3667 905 3743 utque
937 3647 1103 3721 occultior
1138 3646 1304 3744 digreffus

332 3767 427 3853 effet,
447 3773 473 3808 “
487 3768 588 3838 noete
604 3766 720 3838 castris
732 3766 921 3838 excedere''
931 3763 1044 3861 jubet.
1093 3766 1180 3837 Inde
1192 3784 1294 3837 atrox

333 3909 466 3978 rumor,
488 3884 734 3959 affirmantibus
756 3881 938 3981 plerisque,
979 3891 1006 3927 “
1025 3882 1234 3974 interfectos,
1258 3907 1299 3958 ac
