3000 5144
274 542 340 617 192
472 521 514 592 C.
545 520 814 594 Consum
847 521 1051 594 Tncrrr

269 689 430 786 praesrdiis
454 691 635 786 occupati;
662 689 811 787 suspecta
832 689 1030 780 Germania,
1057 708 1239 787 tamquam

269 810 305 880 in
321 809 487 881 auxilium
505 809 635 881 Vitellii
652 809 896 908 accingeretur.

317 930 489 1001 XXXVl.
515 932 574 999 Ar
600 927 768 1017 Vitellius,
798 925 951 1024 proiecto
973 925 1124 1015 Caecina,
1155 927 1240 1001 cum

267 1046 416 1119 Fabium
433 1047 627 1132 Valentem,
653 1045 769 1141 paucis
785 1045 861 1142 post
873 1046 1009 1133 diebus,
1039 1046 1084 1116 ad
1102 1046 1238 1119 bellum

264 1163 463 1260 impulisset,
493 1165 579 1237 curis
608 1166 731 1236 luxum
752 1167 988 1239 obtendebat:
1022 1190 1092 1236 non
1117 1188 1238 1260 parare

266 1307 374 1373 arma,
393 1308 464 1354 non
480 1281 644 1378 adloquio
660 1282 892 1379 exercitioque
915 1282 1060 1356 militem
1076 1285 1236 1367 firmare3
1276 1286 1282 1297 '

266 1400 389 1473 nonin
407 1425 466 1472 ore
482 1401 578 1497 vulgi
600 1425 721 1497 agere:
751 1398 810 1472 sed
830 1400 1039 1474 umbraculis
1057 1401 1238 1474 hortorum

265 1517 416 1607 abditus,
435 1539 472 1591 ut
489 1519 614 1616 ignava
630 1518 803 1608 animalia,
829 1521 955 1616 quibus
978 1520 1001 1590 fi
1020 1517 1137 1591 cibum
1154 1517 1235 1616 sug·

265 1662 376 1733 geras,
399 1635 514 1733 jacent
531 1655 751 1733 torpentque,
773 1637 955 1733 praeterita,
980 1635 1152 1726 instantia,
1178 1634 1236 1709 su-

266 1775 340 1827 tura
370 1755 443 1851 pari
468 1755 645 1828 oblivione
672 1754 853 1828 dimiserat.
904 1761 1024 1852 Atque
1049 1755 1163 1846 illum,
1197 1756 1234 1828 in

265 1899 405 1945 nemore
424 1872 570 1946 Aricino
596 1875 746 1946 desidem
773 1879 806 1947 δε
830 1894 1053 1961 marcentem,
1082 1874 1234 1969 proditio

263 1991 394 2065 Lucilii
421 1994 518 2081 Baffi,
548 2017 587 2064 ac
613 1990 760 2066 delestio
785 1995 892 2065 claslis
920 1993 1129 2066 Ravennatis
1158 2019 1235 2090 per·

264 2111 360 2182 culit.
402 2113 479 2183 Nec
498 2110 609 2183 multo
628 2109 704 2205 post
721 2112 766 2182 de
783 2110 921 2183 Caecind
938 2113 1075 2184 affertur
1103 2112 1233 2184 mixtus

263 2229 393 2325 gaudio
410 2230 510 2301 dolor
532 2236 559 2271 “
579 2233 610 2300 δι
628 2226 814 2316 descivisse,
843 2232 940 2303 &ab
962 2229 1112 2302 exercitu
1136 2229 1233 2302 vinc·

264 2354 292 2388 “
312 2365 386 2417 tum
404 2348 440 2417 :’'
469 2348 545 2442 plus
578 2347 671 2441 apud
699 2344 877 2419 socordem
913 2347 1070 2420 animum
1103 2347 1232 2436 laetitia,

262 2465 370 2561 quam
403 2489 485 2536 cura
509 2463 627 2536 valuit.
682 2466 800 2538 Multa
833 2491 915 2538 cum
941 2464 1165 2539 exsultatione
1194 2466 1231 2538 in

261 2585 400 2655 Urbem
425 2582 592 2672 revestus,
619 2582 787 2679 frequenti
809 2584 988 2672 concione,
1019 2592 1046 2627 “
1072 2584 1232 2680 pietatem

262 2708 290 2744 “
308 2701 484 2774 militum''
514 2701 672 2774 laudibus
703 2703 868 2775 cumulat.
919 2709 947 2743 “
977 2703 1018 2772 P.
1049 2702 1231 2794 Sabinum,

262 2828 290 2864 “
310 2821 457 2917 praetorii
474 2818 688 2915 praefeaum,
709 2823 757 2894 ob
772 2818 960 2893 amicitiam
975 2819 1135 2909 Caecinae,
1153 2822 1231 2894 vin·

262 2947 288 2981 “
307 2939 388 3011 ciri”
409 2939 523 3036 jubet,
557 2937 738 3011 substituto
767 2937 802 3009 in
831 2941 949 3010 locum
973 2937 1043 3034 ejus
1067 2940 1231 3036 Alpheno

261 3061 365 3130 Varo.
837 3043 841 3054 ¹

309 3179 499 3250 XXXVII.
526 3179 624 3250 Mox
648 3177 815 3264 senatum,
852 3178 1040 3270 composrnl
1064 3176 1100 3247 in
1128 3203 1228 3275 mag·

220 3381 223 3387 ,
258 3294 470 3370 nificentiam
488 3295 653 3384 oratione,
673 3296 865 3382 adlocutus,
891 3295 1065 3390 exquisitis
1092 3317 1230 3391 patrum

257 3414 509 3487 adulationibus
527 3414 700 3486 attollitur.
751 3412 893 3485 Initium
919 3413 1039 3485 atrocis
1058 3413 1093 3484 in
1117 3415 1227 3487 Caeci·

259 3560 342 3607 nam
367 3533 538 3605 sententiae
565 3535 646 3603 aL.
660 3531 801 3603 Vitellio
828 3529 980 3603 factum:
1012 3532 1092 3602 dein
1109 3534 1227 3622 ceteri,

258 3654 446 3748 composita
471 3649 706 3745 indignatione
734 3657 761 3690 “
779 3649 874 3745 quod
901 3648 1017 3722 consul
1036 3652 1225 3745 rempubli-

259 3777 287 3812 “
306 3796 396 3857 cam,
425 3770 497 3840 dux
515 3770 775 3863 Imperatorem,
801 3766 903 3839 tantis
920 3767 1058 3862 opibus,
1083 3787 1133 3838 tot
1159 3771 1222 3841 ho-

262 3894 290 3934 “
308 3887 448 3960 noribus
464 3887 671 3975 cumulatus,
686 3886 852 3977 amicum,
872 3882 1111 3983 prodidisset,'’
1128 3887 1224 3962 velut
