3000 5144
395 550 778 622 Htsronraauu
813 547 921 621 Lra.
958 548 1004 619 ll.
1122 572 1187 645 ¹23

225 721 333 796 Causa
362 725 517 820 fingendi
544 723 622 813 suit,
645 745 683 796 ut
707 724 898 819 diplomata
920 721 1083 810 Othonis,
1111 745 1190 819 quae

225 840 502 939 negligebantur,
533 843 663 916 laetiore
687 842 819 925 nuntio¹
842 839 1093 913 revalescerent.
1143 841 1192 916 Et

215 955 356 1033 'Coenus
378 960 519 1057 quidem
549 961 665 1058 rapide
690 961 724 1033 in
743 963 879 1033 Urbem
903 961 1035 1046 vedius,
1067 983 1193 1054 paucos

226 1078 300 1175 post
332 1078 419 1168 dies,
438 1078 530 1176 jussu
553 1079 682 1152 Vitellii
717 1105 837 1175 poenas
870 1078 944 1150 luit.
994 1079 1194 1151 Senatorum

227 1197 418 1293 periculum
445 1201 598 1286 andum,
629 1198 845 1270 credentibus
870 1194 1073 1269 Othonianis
1102 1193 1193 1267 mili·

227 1315 318 1387 tibus
350 1339 429 1386 vera
462 1318 540 1404 else,
574 1342 651 1412 quae
680 1317 932 1388 adfercbantur.
988 1317 1193 1389 Intendebat

228 1430 463 1522 formidinem,
491 1433 587 1529 qubd
605 1433 735 1530 publici
752 1435 879 1506 consilii
897 1432 995 1521 facie,
1013 1432 1193 1508 discessum

227 1552 379 1643 Mutina,
406 1551 613 1648 desertaeque
637 1573 748 1648 partes
775 1550 896 1624 forent.
945 1554 1022 1624 Nec
1045 1551 1134 1623 ultra
1158 1550 1195 1624 in

227 1694 414 1742 commune
432 1672 611 1766 congressi,
643 1671 701 1743 fibi
720 1668 862 1766 quisque
879 1668 1096 1743 consuluere:
1129 1671 1193 1742 do-

226 1813 291 1861 nec
327 1788 432 1861 miffae
456 1816 477 1861 a
509 1789 619 1861 Fabio
647 1790 790 1861 Valente
818 1788 985 1884 epistolae,
1014 1790 1193 1867 demerent

228 1928 373 1978 metum.
424 1909 471 1979 Et
499 1932 591 1979 mors
617 1907 778 1998 Othonis,
809 1907 880 2002 quo
908 1906 1122 1998 laudabilior,
1151 1904 1194 1979 eb

228 2025 379 2098 velocibs
402 2025 529 2098 audita.

273 2144 351 2214 LV.
378 2147 438 2215 Ar
471 2148 596 2217 Romae
629 2144 715 2217 nihil
743 2145 999 2242 trepidationis:
1034 2146 1192 2218 Cereales

227 2262 300 2334 ludi
328 2287 372 2334 ex
400 2288 494 2335 more
521 2260 770 2358 speslabantur.
831 2268 883 2337 Ut
918 2272 945 2306 “
963 2266 1086 2337 ceffill'e
1119 2264 1193 2337 vita

227 2387 256 2424 “
274 2384 466 2472 Othonem,
490 2386 523 2453 δι
546 2382 703 2454 aFlavio
719 2382 860 2472 Sabino,
885 2381 1043 2478 praefedo
1067 2382 1191 2471 Urbis,

227 2505 255 2543 ‘⁴
273 2501 369 2597 quod
393 2521 462 2573 erat
484 2499 520 2572 in
537 2501 637 2572 Urbe
654 2500 803 2573 militum
827 2502 1038 2577 sacramento
1061 2500 1193 2575 Vitellii

227 2626 255 2662 “
273 2619 473 2707 ada&um,’'
486 2619 568 2691 certi
585 2621 740 2691 auclores
757 2619 796 2691 in
807 2622 977 2692 theatrum
994 2622 1192 2708 attulerunt,

226 2737 367 2809 Vitellio
386 2739 558 2831 plausere:
585 2740 746 2834 populus,
765 2764 847 2812 cum
864 2741 962 2811 lauru
979 2765 1018 2811 ac
1031 2738 1186 2827 floribus,

225 2858 348 2929 Galbae
371 2855 539 2953 imagines
559 2855 692 2928 circum
708 2859 839 2953 templa
859 2857 948 2946 tulit,
971 2842 1139 2953 congestis
1156 2856 1192 2930 in

225 2978 371 3048 modum
388 2974 513 3047 tumuli
531 2974 679 3063 coronis,
699 2972 800 3070 juxta
813 2978 926 3049 lacum
938 2975 1062 3064 Curtii,
1086 3001 1191 3071 quem

227 3097 341 3169 locum
366 3096 479 3167 Galba
504 3093 652 3166 moriens
675 3094 840 3191 sanguine
855 3092 1030 3168 infecerat.
1080 3098 1121 3167 ln
1142 3094 1191 3167 se·

226 3235 322 3302 natu,
336 3215 459 3285 cunda
483 3212 595 3308 longis
616 3211 761 3284 aliorum
785 3212 1031 3309 principatibus
1044 3239 1188 3310 compo-

227 3336 284 3404 sita
301 3331 414 3404 statim
440 3332 681 3404 decernuntur.
731 3331 872 3403 Additae
896 3338 923 3373 ‘⁶
942 3357 1025 3429 erga
1044 3334 1191 3404 Germa-

227 3459 254 3493 “
272 3450 367 3523 nicos
384 3449 552 3522 exercitus
575 3450 705 3536 laudes,
725 3448 902 3545 gratesque
916 3451 952 3521 :’'
975 3455 1008 3522 δι
1026 3448 1123 3522 milla
1142 3451 1190 3522 le·

226 3568 331 3664 gatio,
366 3593 442 3664 quae
477 3567 604 3664 gaudio
636 3564 844 3664 fungeretur.
895 3567 1061 3641 Recitatae
1093 3567 1191 3642 Fabii

225 3686 377 3759 Valentis
403 3687 566 3783 epistolae,
597 3687 641 3758 ad
668 3686 820 3759 consules
844 3684 976 3782 scriptae
1005 3688 1096 3759 haud
1122 3686 1189 3758 im·

223 3804 423 3877 moderate:
456 3805 584 3901 gratior
608 3803 755 3881 Cacinae
785 3804 952 3881 modestia
980 3804 1058 3896 fuit,
1093 3804 1189 3905 quod

225 3948 296 4003 non
313 3921 497 4019 scripsisset,
1067 3916 1071 3925 ’
