3000 5144
340 628 963 702 Htsronrnnuqua.IV.
1072 650 1139 727 3¹3

220 798 427 870 LXXXIII.
453 804 582 874 On1co
613 802 668 874 dei
696 803 854 874 nondum
882 800 1003 873 nostris
1026 803 1144 872 ausso-

173 913 267 988 ribus
296 917 488 989 celebrata:
526 920 776 1016 AEgyptiorum
808 919 969 992 antistites
999 923 1041 991 s1c
1070 944 1143 990 me-

173 1056 319 1107 morant.
372 1043 399 1076 “
420 1039 608 1110 Ptolemaeo
625 1039 711 1135 regi,
738 1039 798 1135 qui
817 1038 1056 1111 Macedonum
1074 1037 1144 1133 pri-

176 1160 297 1223 “mus
329 1154 477 1249 AEgypti
506 1181 589 1251 opes
618 1158 784 1245 firmavit,
820 1158 902 1230 cum
925 1155 1145 1228 Alexandriae

173 1279 201 1314 “
220 1272 337 1344 recens
354 1273 504 1344 conditae
521 1275 664 1363 moenia,
681 1278 892 1372 templaque,
913 1280 945 1347 &
965 1273 1146 1370 religiones

174 1397 201 1433 “
220 1391 376 1478 adderet,
408 1378 563 1465 oblatum
593 1419 653 1488 per
676 1395 827 1490 quietem
854 1396 978 1465 decore
1001 1391 1145 1481 eximio,

174 1517 202 1550 “
222 1516 255 1583 ὃς
286 1511 413 1605 majore
439 1513 545 1607 quam
571 1514 721 1586 humans
750 1512 859 1609 specie
876 1511 1058 1608 juvenem,
1085 1510 1147 1606 qui

173 1636 201 1671 “
221 1631 413 1715 moneret,'’
447 1649 497 1717 ut,
524 1630 689 1704 fidislimis
706 1633 897 1704 amicorum
927 1630 963 1702 in
993 1632 1146 1702 Pontum

172 1748 287 1836 miffis,
315 1747 467 1844 effigiem
496 1747 590 1821 suam
619 1751 770 1823 acciret:
807 1752 924 1822 laetum
951 1748 989 1819 id
1021 1773 1143 1845 regno,

176 1893 412 1965 magnamque
442 1867 648 1940 &inclitam
678 1868 792 1941 sedem
811 1867 898 1956 sore,
937 1894 1014 1963 quae
1045 1893 1146 1939 exce·

174 1986 296 2082 pisset:
326 1993 353 2029 “
373 1988 472 2058 simul
489 1986 599 2059 visum
616 1989 780 2060 eumdem
791 1986 956 2083 juvenem
969 1985 1004 2057 in
1022 1989 1147 2059 caelum

175 2112 202 2146 “
222 2105 303 2201 igne
321 2105 470 2200 plurimo
481 2106 628 2177 attolli.'’
662 2108 882 2195 Ptolemaeus,
895 2104 1010 2178 omine
1029 2109 1062 2177 8(
1081 2105 1147 2177 mi-

173 2226 290 2295 raculo
307 2223 453 2311 excitus,
480 2224 710 2298 sacerdotibus
728 2224 993 2322 AEgyptiorum,
1021 2224 1148 2321 quibus

173 2368 248 2414 mos
275 2344 353 2414 talia
371 2342 575 2440 intelligere,
603 2347 789 2416 nosturnos
807 2344 896 2415 visus
914 2343 1034 2440 aperit.
1081 2349 1148 2415 At·

174 2487 242 2558 que
267 2461 333 2533 illis
350 2462 454 2533 Ponti
481 2466 513 2534 δι
538 2483 759 2535 externorum
786 2489 909 2559 parum
932 2463 1057 2560 gnaris,
1083 2462 1148 2534 Ti-

175 2581 370 2668 motheum,
392 2580 653 2671 Atheniensem,
680 2601 821 2678 egente
839 2581 1146 2677 Eumolpidarum,

174 2724 293 2795 quem,
323 2719 361 2770 ut
389 2699 573 2771 antistitem
597 2700 886 2788 caerimoniarum,
911 2702 1068 2771 Eleusine
1086 2726 1146 2772 ex·

174 2817 316 2906 civerat,
343 2825 369 2859 “
388 2845 548 2915 quaenam
561 2819 620 2890 illa
631 2817 833 2914 superstiti0,
851 2818 946 2913 quod
965 2843 1094 2889 numen
1110 2821 1150 2890 ?’'

171 2936 367 3033 interrogat.
417 2936 639 3026 Timotheus,
668 2936 814 3034 quaesrtis
843 2936 903 3032 qui
932 2936 969 3007 in
997 2939 1150 3010 Pontum

174 3058 351 3144 meass'ent,
378 3055 553 3152 cognoscit
572 3059 696 3128 urbem
712 3055 781 3146 illic
799 3054 961 3152 Sinopen,
987 3080 1051 3129 nec
1070 3083 1148 3153 pro·

175 3177 232 3249 cul
260 3177 445 3271 templum,
480 3196 594 3247 vetere
631 3175 717 3247 inter
746 3176 877 3247 accolas
909 3173 1015 3262 sams,
1052 3175 1151 3268 Jovis

177 3295 279 3367 Ditis.
329 3297 496 3390 Namque
522 3293 781 3365 &muliebrem
807 3292 958 3390 effigiem
981 3293 1148 3381 adsistere,
1208 3350 1212 3359 .

174 3439 281 3510 quam
308 3412 460 3509 plerique
488 3412 723 3508 Proserpinam
751 3432 886 3483 vocent.
936 3412 1003 3483 Sed
1035 3413 1151 3484 Ptole·

174 3558 297 3619 maeus,
324 3551 362 3602 ut
379 3529 455 3602 sunt
484 3531 621 3627 ingenia
645 3557 779 3629 regum,
812 3555 938 3625 pronus
962 3530 1007 3600 ad
1031 3528 1151 3602 sormi·
1262 3522 1265 3526 ⁴

173 3652 306 3738 dinem,
334 3650 395 3722 ubi
413 3649 570 3722 securitas
583 3650 707 3741 rediit,
733 3650 951 3744 voluptatum
969 3648 1075 3742 quam
1098 3673 1150 3721 re-

176 3771 349 3867 ligionum
373 3770 552 3864 adpetens,
578 3768 753 3864 negligere
781 3766 973 3862 paullatim,
1005 3766 1153 3862 aliasque

176 3891 220 3959 ad
250 3913 345 3960 curas
374 3887 530 3959 animum
548 3909 700 3959 vertere:
731 3888 843 3957 donec
874 3887 995 3957 eadem
1024 3885 1151 3982 species

176 4004 459 4103 terribiliorjam,
479 4005 716 4098 &instantior,
736 4013 763 4049 “
783 4003 1005 4101 exitium'ipfi
1021 4030 1146 4103 regno·
1189 3990 1197 4001 ’
