3000 5144
260 568 331 637 266
467 562 1059 641 ctorturarrracrrr

261 742 288 775 “
310 733 413 829 nique
429 734 525 803 aulos
541 755 599 805 aut
614 736 750 808 libertas
766 736 938 833 sequetur,
955 760 1017 810 aut
1030 734 1115 809 viai
1136 734 1237 811 iidem

259 860 287 894 “
305 853 466 923 eriruus.”
506 852 561 925 Sic
578 855 772 945 accensum,
787 855 846 928 sed
865 863 891 897 “
912 856 1076 928 molliora
1094 854 1238 929 referre”

252 970 383 1069 jullirm
398 970 554 1045 dimittit.
605 974 680 1063 llle,
706 995 744 1046 ut
764 974 877 1047 irritus
894 974 1091 1072 legationis,
1125 974 1236 1067 rediit,

258 1114 371 1163 cetera
387 1092 610 1181 dissimulans,
640 1120 718 1189 quae
737 1120 820 1165 mox
835 1097 989 1191 etupdre.

306 1214 479 1283 xxxin.
504 1214 674 1301 Crvrers,
700 1234 796 1309 parte
808 1214 987 1309 copiatum
999 1216 1151 1303 retenta,
1180 1240 1237 1287 re·

259 1350 392 1403 temnas
421 1334 593 1419 cohortes,
631 1336 663 1403 ἃ
693 1332 789 1429 quod
823 1360 843 1406 e
870 1332 1055 1405 Germanis
1084 1332 1239 1405 maxime

262 1471 480 1545 promptum,
507 1450 669 1521 adversus
687 1452 858 1523 Voculam
880 1450 1148 1549 exercitumque
1170 1448 1238 1549 ejus

262 1569 365 1641 mittit
383 1598 392 1653 ;
419 1570 514 1663 julio
532 1569 709 1658 Maximo,
736 1572 929 1644 &Claudio
941 1570 1097 1660 Vislore,
1115 1568 1240 1643 sorotis

259 1688 325 1761 suar
351 1690 437 1776 lilio,
463 1688 623 1761 duribus.
674 1690 831 1785 Rapiuut
858 1690 892 1762 in
921 1694 1066 1763 transitu
1095 1690 1241 1763 hiberna

259 1809 336 1897 ala,
376 1808 570 1905 Asciburgii
600 1812 670 1879 fita.
721 1810 894 1907 Adeoque
925 1809 1101 1906 improvisi
1131 1788 1240 1883 castra

259 1928 468 2016 involardre,
506 1948 542 1999 ut
572 1954 641 1999 non
670 1928 826 2025 adloqui,
852 1956 923 2001 non
950 1930 1100 2026 pandere
1125 1928 1239 2003 aciem

261 2050 396 2119 Vocula
422 2046 583 2141 potuerit.
632 2048 672 2119 ld
695 2046 817 2136 solum,
844 2046 939 2119 utin
963 2048 1130 2135 tumultu,
1161 2074 1239 2119 mo-

261 2166 348 2253 nuit,
376 2174 402 2208 “
421 2164 626 2261 subsignano
642 2165 751 2237 milite
767 2166 881 2237 media
899 2168 1037 2237 firmare
1050 2166 1088 2235 :¹²
1107 2165 1241 2239 auxilia

260 2286 377 2379 passim
400 2282 604 2355 circumfusa
628 2284 716 2357 sunt.
768 2288 884 2381 liques
911 2282 1083 2379 prorupit,
1109 2308 1240 2383 excep-

260 2400 380 2497 tusque
393 2401 588 2495 cumpositis
607 2402 758 2475 hostium
771 2402 968 2490 ordinibus,
994 2421 1092 2498 terga
1107 2402 1143 2473 in
1160 2400 1241 2475 suos

262 2520 371 2591 verrit.
421 2520 542 2591 Caedes
565 2521 658 2609 inde,
686 2546 756 2593 non
784 2520 958 2617 proelium.
1011 2522 1057 2591 Et
1082 2522 1238 2595 Nervio-

257 2666 335 2711 rum
359 2640 530 2729 coliortcs,
557 2640 721 2713 metuscu
738 2640 894 2735 persidii,
921 2640 1026 2711 latera
1041 2638 1239 2715 nostrorum

257 2760 442 2831 nudarlre.
478 2758 534 2831 Sic
551 2760 594 2831 ad
609 2758 760 2857 legiones
777 2779 1009 2854 perventum:
1028 2759 1239 2854 quae,amis-

259 2884 299 2949 lis
317 2878 431 2973 liguis,
460 2876 545 2949 intra
558 2880 687 2949 vallum
705 2878 960 2963 sternebantur3
979 2878 1060 2949 clun
1079 2878 1239 2973 repente,

263 3026 354 3069 noro
371 2997 516 3084 auxilio,
540 2996 675 3067 somma
693 3022 818 3093 pugnae
837 3018 998 3069 unitatur.
1038 2996 1239 3073 Vasconum

261 3122 354 3190 leda
372 3146 391 3189 a
408 3118 520 3187 Gallrl
537 3117 709 3203 cohortes,
734 3142 774 3188 ac
798 3136 873 3187 tum
892 3116 1024 3202 accitae,
1050 3116 1138 3187 dum
1163 3116 1237 3191 cas·

259 3240 317 3309 tris
336 3236 583 3332 propinquant,
600 3234 717 3307 audito
736 3234 970 3331 proeliantium
989 3236 1155 3324 clamore,
1180 3235 1236 3307 in-

257 3380 369 3429 tentos
382 3356 494 3427 liolles
511 3380 531 3425 a
546 3375 643 3451 tergo
660 3354 841 3440 invadunt,
867 3353 1106 3449 latioremque,
1126 3354 1240 3450 quim

261 3504 323 3572 pro
352 3500 511 3561 numero,
537 3494 702 3545 terrorem
728 3472 881 3544 faciunt:
921 3472 993 3544 aliis
1021 3474 1237 3561 aNorefiO,

259 3596 331 3667 aliis
349 3622 368 3665 a
385 3592 617 3689 Mogontiaco
632 3590 803 3663 universas
820 3591 937 3686 copias
960 3590 1132 3663 advenisse
1160 3616 1236 3663 cre·

259 3713 432 3786 (lentibus.
474 3714 505 3783 ls
523 3736 613 3782 error
626 3710 796 3783 Romanis
813 3712 908 3781 addit
926 3710 1072 3797 animm,
1093 3714 1124 3781 &
1144 3710 1237 3785 dum

260 3832 376 3903 alit-uis
404 3830 532 3901 ritibus
559 3832 755 3917 considunt,
788 3828 861 3901 suas
891 3832 1056 3925 recepdre.
1107 3830 1235 3904 Fortis·

262 3954 364 4025 simus
382 3948 524 4046 quisque
548 3974 567 4021 c
590 3949 736 4037 Batavis,
764 3970 931 4047 quantum
961 3948 1118 4047 peditum
1145 3968 1235 4039 erar,
