3000 5144
394 538 646 611 Dtrtroous
684 559 740 607 ort
776 535 1096 609 Ortarorttaus.
1182 558 1229 634 47

259 733 382 806 quarn,
406 710 606 809 ingentibus
633 709 747 783 verbis
781 708 1050 807 persequantur:
1080 706 1163 782 clim
1186 706 1233 780 ad

260 828 500 928 verosjudices
517 850 659 902 ventum
677 831 740 918 est,
779 855 801 898 ss
827 855 849 899 a
875 853 897 898 ss
923 856 944 899 a
966 854 1038 901 rem
1062 828 1231 927 cogitate,

259 948 346 1022 nihil
363 949 508 1038 humile,
527 948 611 1023 nihil
627 947 800 1046 abjestum
817 947 933 1045 eloqui
951 967 1094 1044 poterat.

308 1069 481 1141 XXXVI.
519 1071 676 1141 Mnoua
712 1067 919 1165 eloquentia,
961 1070 1045 1139 sicut
1077 1069 1232 1156 flamma,

261 1187 404 1260 materia
435 1187 549 1275 alitur,
585 1192 618 1260 ἃ
648 1187 800 1260 motibus
827 1186 1008 1275 excitatur,
1039 1191 1072 1260 δι
1101 1185 1235 1281 urendo

261 1305 427 1379 clarescit.
477 1308 611 1379 Eadem
637 1306 723 1378 ratio
751 1305 787 1377 in
809 1307 923 1379 nostrii
939 1329 1080 1403 quoque
1096 1305 1235 1379 civitate

259 1426 482 1524 antiquorum
499 1425 732 1523 eloquentiam
758 1425 927 1522 provexit.
975 1427 1069 1497 Nam
1085 1427 1151 1497 ⁴etsi
1168 1426 1234 1496 ho·

261 1571 340 1618 rum
359 1569 499 1643 quoque
514 1566 713 1641 temporum
731 1565 878 1618 oratores
895 1569 935 1617 ea
958 1543 1126 1616 consecuti
1143 1543 1233 1635 sunt,

262 1691 357 1761 quae,
382 1666 583 1761 compositas,
603 1669 636 1736 ὃς
653 1664 782 1760 quietd,
802 1669 834 1736 δι
852 1665 949 1736 beata
965 1662 1155 1758 republicis,
1173 1663 1234 1736 tri-

262 1784 322 1857 bui
350 1782 400 1857 sas
417 1805 504 1857 etat:
534 1804 651 1856 tamen
674 1783 736 1856 istst
758 1782 1010 1880 perturbatione
1034 1808 1073 1854 ac
1099 1781 1238 1866 licentiis

263 1905 361 2000 plura
388 1902 447 1977 fibi
464 1903 602 2000 adsequi
619 1902 838 1990 videbantur,
862 1903 958 1990 clim,
986 1901 1103 1974 mixtis
1120 1901 1236 1974 omni·

263 2025 341 2112 bus,
368 2023 635 2096 &moderatore
663 2047 733 2094 uno
761 2021 966 2110 carentibus,
992 2041 1125 2093 tantum
1144 2019 1235 2118 quis-

265 2167 334 2239 que
356 2161 471 2213 orator
494 2139 636 2237 saperet,
660 2160 830 2237 quantum
858 2139 980 2212 erranti
998 2141 1130 2236 populo
1158 2164 1236 2236 pet·

260 2259 392 2333 suaderi
418 2279 564 2357 poterat.
613 2259 712 2335 Hinc
737 2262 830 2357 leges
851 2261 985 2333 assiduae
1012 2264 1045 2333 δι
1071 2262 1238 2356 populare

262 2405 406 2468 nomen,
431 2378 513 2453 hinc
540 2378 725 2453 conciones
753 2379 1011 2478 magistratuum
1037 2405 1135 2476 paene
1157 2406 1236 2477 per-

263 2497 478 2571 noslantium
494 2496 530 2571 in
555 2498 681 2587 rostris,
698 2499 778 2571 hinc
795 2498 1023 2575 accusationes
1041 2501 1236 2597 potentium

262 2642 413 2706 reorum,
439 2621 472 2690 δι
499 2618 683 2713 adfignatae
710 2616 814 2689 etiam
847 2617 1009 2690 domibus
1035 2618 1236 2709 inimicitia,

263 2737 344 2810 hinc
369 2760 552 2834 procerum
569 2735 745 2825 factiones,
765 2741 798 2809 u
817 2738 944 2809 affidua
960 2735 1089 2810 senatus
1113 2740 1236 2811 adver·

262 2857 319 2930 sits
337 2856 476 2953 plebem
493 2855 704 2929 certamina:
733 2882 810 2952 quae
829 2857 961 2953 fingula
985 2860 1043 2929 etsi
1070 2855 1236 2930 distrahe·

264 2978 349 3049 bant
364 2973 629 3072 rempublicam,
647 2977 854 3049 exercebant
870 2994 987 3046 tamen
999 2975 1135 3049 illorum
1147 2997 1235 3050 tem·

264 3120 389 3192 potum
407 3093 654 3191 eloquentiam,
685 3098 718 3165 &
736 3094 870 3191 magnis
894 3096 1069 3167 cumulare
1086 3095 1237 3192 ptaemiis

264 3213 499 3287 videbantur:
532 3214 612 3310 quia
644 3213 774 3309 quanti>
801 3211 944 3310 quisque
978 3215 1055 3310 plus
1087 3213 1238 3288 dicendo

266 3351 413 3429 poterat,
432 3332 528 3403 tantd
545 3331 677 3406 saciliits
694 3335 841 3405 honores
857 3332 1121 3430 adsequebatur;
1140 3332 1237 3407 tanto

265 3450 391 3548 tnagis,
422 3450 457 3523 in
483 3451 559 3548 ipss
576 3451 780 3542 honoribus,
806 3453 953 3550 collegas
969 3450 1045 3525 suos
1060 3452 1235 3539 anteibat;

265 3568 364 3645 tanti>
380 3570 456 3665 plus
472 3572 565 3666 apud
583 3570 751 3667 principes
770 3571 902 3669 gratiae,
932 3574 1008 3669 plus
1028 3571 1238 3646 ausloritatis

264 3689 358 3786 apud
377 3707 502 3784 patres,
524 3691 601 3785 plus
623 3689 751 3762 notitiae
768 3715 808 3762 ac
825 3689 974 3762 nominis
990 3691 1083 3786 apud
1099 3693 1238 3786 plebem

265 3811 427 3905 parabat:
461 3807 498 3878 hi
520 3808 685 3883 clientelis
712 3808 815 3881 etiarn
836 3827 1032 3881 exterarum
1058 3808 1238 3887 nationum

265 3929 530 4009 redundabantt
558 3930 621 4004 hos
645 3926 728 4016 ituri
749 3926 785 4004 in
806 3926 997 4031 provincias
1023 3927 1238 4032 magistratus
