<?xml version="1.0" encoding="UTF-8"?>
<!DOCTYPE html PUBLIC "-//W3C//DTD XHTML 1.0 Transitional//EN"
    "http://www.w3.org/TR/xhtml1/DTD/xhtml1-transitional.dtd">
<html xmlns="http://www.w3.org/1999/xhtml" xml:lang="en" lang="en">
 <head>
  <title>
</title>
<meta http-equiv="Content-Type" content="text/html;charset=utf-8" />
  <meta name='ocr-system' content='tesseract 3.04.00' />
  <meta name='ocr-capabilities' content='ocr_page ocr_carea ocr_par ocr_line ocrx_word'/>
</head>
<body>
  <div class='ocr_page' id='page_1' title='image "./ccorneliitaciti02ernegoog_0235.png"; bbox 0 0 3000 5144; ppageno 0'>
   <div class='ocr_carea' id='block_1_1' title="bbox 341 550 1129 630">
    <p class='ocr_par' dir='ltr' id='par_1_1' title="bbox 341 550 1129 630">
     <span class='ocr_line' id='line_1_1' title="bbox 341 550 1129 630; baseline -0.009 0"><span class='ocrx_word' id='word_1_1' title='bbox 341 558 409 630; x_wconf 81' lang='lat'>226</span> <span class='ocrx_word' id='word_1_2' title='bbox 564 550 1129 626; x_wconf 64' lang='lat' dir='ltr'>ceonrrstu&#39;ricm</span> 
     </span>
    </p>
   </div>
   <div class='ocr_carea' id='block_1_2' title="bbox 333 718 1401 4017">
    <p class='ocr_par' dir='ltr' id='par_1_2' title="bbox 336 718 1401 3044">
     <span class='ocr_line' id='line_1_2' title="bbox 342 718 1306 821; baseline -0.009 -22"><span class='ocrx_word' id='word_1_3' title='bbox 342 732 370 769; x_wconf 75' lang='lat'>‘¹</span> <span class='ocrx_word' id='word_1_4' title='bbox 387 726 474 799; x_wconf 87' lang='lat' dir='ltr'>ciani</span> <span class='ocrx_word' id='word_1_5' title='bbox 487 725 709 821; x_wconf 47' lang='lat' dir='ltr'>compositast</span> <span class='ocrx_word' id='word_1_6' title='bbox 793 722 926 811; x_wconf 89' lang='lat' dir='ltr'>uidam,</span> <span class='ocrx_word' id='word_1_7' title='bbox 954 729 981 765; x_wconf 90' lang='lat'><strong>“</strong></span> <span class='ocrx_word' id='word_1_8' title='bbox 1003 720 1161 795; x_wconf 89' lang='lat' dir='ltr'>omnium</span> <span class='ocrx_word' id='word_1_9' title='bbox 1185 718 1220 791; x_wconf 94' lang='lat' dir='ltr'>id</span> <span class='ocrx_word' id='word_1_10' title='bbox 1242 719 1306 791; x_wconf 91' lang='lat' dir='ltr'>du-</span> 
     </span>
     <span class='ocr_line' id='line_1_3' title="bbox 343 839 1308 935; baseline -0.009 -17"><span class='ocrx_word' id='word_1_11' title='bbox 343 852 371 887; x_wconf 89' lang='lat'><strong>“</strong></span> <span class='ocrx_word' id='word_1_12' title='bbox 389 870 470 917; x_wconf 90' lang='lat' dir='ltr'>curn</span> <span class='ocrx_word' id='word_1_13' title='bbox 494 844 672 917; x_wconf 82' lang='lat' dir='ltr'>confilium</span> <span class='ocrx_word' id='word_1_14' title='bbox 689 842 798 931; x_wconf 86' lang='lat' dir='ltr'>fuiffe,</span> <span class='ocrx_word' id='word_1_15' title='bbox 814 842 980 914; x_wconf 86' lang='lat' dir='ltr'>ostentare</span> <span class='ocrx_word' id='word_1_16' title='bbox 998 840 1110 935; x_wconf 76' lang='lat' dir='ltr'>potiits</span> <span class='ocrx_word' id='word_1_17' title='bbox 1126 839 1219 913; x_wconf 89' lang='lat' dir='ltr'>Urbi</span> <span class='ocrx_word' id='word_1_18' title='bbox 1236 840 1308 911; x_wconf 90' lang='lat' dir='ltr'>bel·</span> 
     </span>
     <span class='ocr_line' id='line_1_4' title="bbox 343 958 1307 1059; baseline -0.006 -26"><span class='ocrx_word' id='word_1_19' title='bbox 343 969 370 1004; x_wconf 90' lang='lat'><strong>“</strong></span> <span class='ocrx_word' id='word_1_20' title='bbox 391 964 477 1051; x_wconf 89' lang='lat' dir='ltr'>lum,</span> <span class='ocrx_word' id='word_1_21' title='bbox 494 963 601 1059; x_wconf 68' lang='lat' dir='ltr'>quiam</span> <span class='ocrx_word' id='word_1_22' title='bbox 623 960 769 1034; x_wconf 84' lang='lat' dir='ltr'>inferre:</span> <span class='ocrx_word' id='word_1_23' title='bbox 800 961 940 1056; x_wconf 89' lang='lat' dir='ltr'>quando</span> <span class='ocrx_word' id='word_1_24' title='bbox 954 958 1165 1031; x_wconf 85' lang='lat' dir='ltr'>validiffimae</span> <span class='ocrx_word' id='word_1_25' title='bbox 1187 959 1307 1030; x_wconf 87' lang='lat' dir='ltr'>cohor-</span> 
     </span>
     <span class='ocr_line' id='line_1_5' title="bbox 342 1075 1307 1166; baseline -0.008 -12"><span class='ocrx_word' id='word_1_26' title='bbox 342 1089 439 1154; x_wconf 86' lang='lat' dir='ltr'>“tes</span> <span class='ocrx_word' id='word_1_27' title='bbox 466 1107 487 1153; x_wconf 88' lang='lat' dir='ltr'>a</span> <span class='ocrx_word' id='word_1_28' title='bbox 511 1080 650 1153; x_wconf 90' lang='lat' dir='ltr'>Vitellio</span> <span class='ocrx_word' id='word_1_29' title='bbox 672 1079 896 1166; x_wconf 86' lang='lat' dir='ltr'>desciviffent,</span> <span class='ocrx_word' id='word_1_30' title='bbox 925 1083 958 1151; x_wconf 73' lang='grc' dir='ltr'>δι</span> <span class='ocrx_word' id='word_1_31' title='bbox 987 1077 1119 1151; x_wconf 83' lang='lat' dir='ltr'>abscisis</span> <span class='ocrx_word' id='word_1_32' title='bbox 1144 1075 1307 1149; x_wconf 86' lang='lat' dir='ltr'>omnibus</span> 
     </span>
     <span class='ocr_line' id='line_1_6' title="bbox 345 1194 1307 1296; baseline -0.008 -23"><span class='ocrx_word' id='word_1_33' title='bbox 345 1208 372 1243; x_wconf 91' lang='lat'><strong>“</strong></span> <span class='ocrx_word' id='word_1_34' title='bbox 392 1198 567 1296; x_wconf 82' lang='lat' dir='ltr'>praesidiis,</span> <span class='ocrx_word' id='word_1_35' title='bbox 609 1201 756 1271; x_wconf 82' lang='lat' dir='ltr'>ceffurus</span> <span class='ocrx_word' id='word_1_36' title='bbox 804 1197 946 1293; x_wconf 90' lang='lat' dir='ltr'>imperio</span> <span class='ocrx_word' id='word_1_37' title='bbox 987 1197 1179 1268; x_wconf 88' lang='lat' dir='ltr'>videbatur.</span> <span class='ocrx_word' id='word_1_38' title='bbox 1240 1194 1307 1265; x_wconf 87' lang='lat' dir='ltr'>Sed</span> 
     </span>
     <span class='ocr_line' id='line_1_7' title="bbox 343 1313 1306 1412; baseline -0.009 -19"><span class='ocrx_word' id='word_1_39' title='bbox 343 1325 371 1362; x_wconf 88' lang='lat'><strong>“</strong></span> <span class='ocrx_word' id='word_1_40' title='bbox 398 1321 522 1392; x_wconf 70' lang='lat' dir='ltr'>cuneta</span> <span class='ocrx_word' id='word_1_41' title='bbox 538 1317 762 1405; x_wconf 89' lang='lat' dir='ltr'>festinatione,</span> <span class='ocrx_word' id='word_1_42' title='bbox 785 1315 909 1388; x_wconf 91' lang='lat' dir='ltr'>deinde</span> <span class='ocrx_word' id='word_1_43' title='bbox 926 1313 1064 1412; x_wconf 64' lang='lat' dir='ltr'>ignavia</span> <span class='ocrx_word' id='word_1_44' title='bbox 1090 1313 1203 1388; x_wconf 90' lang='lat' dir='ltr'>Sabini</span> <span class='ocrx_word' id='word_1_45' title='bbox 1229 1338 1306 1386; x_wconf 86' lang='lat' dir='ltr'>cor-</span> 
     </span>
     <span class='ocr_line' id='line_1_8' title="bbox 343 1431 1306 1534; baseline -0.007 -23"><span class='ocrx_word' id='word_1_46' title='bbox 343 1444 371 1480; x_wconf 91' lang='lat'><strong>“</strong></span> <span class='ocrx_word' id='word_1_47' title='bbox 390 1459 512 1534; x_wconf 89' lang='lat' dir='ltr'>rupta:</span> <span class='ocrx_word' id='word_1_48' title='bbox 555 1436 629 1534; x_wconf 90' lang='lat' dir='ltr'>qui,</span> <span class='ocrx_word' id='word_1_49' title='bbox 666 1434 807 1532; x_wconf 88' lang='lat' dir='ltr'>sumptis</span> <span class='ocrx_word' id='word_1_50' title='bbox 841 1454 969 1506; x_wconf 89' lang='lat' dir='ltr'>temere</span> <span class='ocrx_word' id='word_1_51' title='bbox 1002 1432 1118 1520; x_wconf 83' lang='lat' dir='ltr'>armis,</span> <span class='ocrx_word' id='word_1_52' title='bbox 1152 1431 1306 1504; x_wconf 86' lang='lat' dir='ltr'>munitis·</span> 
     </span>
     <span class='ocr_line' id='line_1_9' title="bbox 341 1549 1401 1651; baseline -0.007 -23"><span class='ocrx_word' id='word_1_53' title='bbox 341 1565 368 1600; x_wconf 91' lang='lat'><strong>“</strong></span> <span class='ocrx_word' id='word_1_54' title='bbox 389 1560 506 1629; x_wconf 82' lang='lat' dir='ltr'>simam</span> <span class='ocrx_word' id='word_1_55' title='bbox 532 1554 691 1651; x_wconf 90' lang='lat' dir='ltr'>Capitolii</span> <span class='ocrx_word' id='word_1_56' title='bbox 717 1578 843 1642; x_wconf 87' lang='lat' dir='ltr'>arcem,</span> <span class='ocrx_word' id='word_1_57' title='bbox 876 1557 909 1625; x_wconf 77' lang='grc' dir='ltr'>δι</span> <span class='ocrx_word' id='word_1_58' title='bbox 936 1574 978 1624; x_wconf 87' lang='lat' dir='ltr'>ne</span> <span class='ocrx_word' id='word_1_59' title='bbox 1006 1549 1142 1647; x_wconf 86' lang='lat' dir='ltr'>magnis</span> <span class='ocrx_word' id='word_1_60' title='bbox 1164 1549 1308 1647; x_wconf 90' lang='lat' dir='ltr'>quidem</span> <span class='ocrx_word' id='word_1_61' title='bbox 1398 1585 1401 1590; x_wconf 54' lang='grc'><strong>’</strong></span> 
     </span>
     <span class='ocr_line' id='line_1_10' title="bbox 342 1667 1306 1770; baseline -0.006 -24"><span class='ocrx_word' id='word_1_62' title='bbox 342 1683 370 1719; x_wconf 86' lang='grc'><strong>“</strong></span> <span class='ocrx_word' id='word_1_63' title='bbox 388 1674 595 1747; x_wconf 86' lang='lat' dir='ltr'>exercitibus</span> <span class='ocrx_word' id='word_1_64' title='bbox 614 1672 898 1770; x_wconf 83' lang='lat' dir='ltr'>expugnabilem,</span> <span class='ocrx_word' id='word_1_65' title='bbox 927 1669 1085 1742; x_wconf 77' lang='lat' dir='ltr'>adversus</span> <span class='ocrx_word' id='word_1_66' title='bbox 1102 1667 1160 1739; x_wconf 87' lang='lat' dir='ltr'>tris</span> <span class='ocrx_word' id='word_1_67' title='bbox 1184 1669 1306 1740; x_wconf 92' lang='lat' dir='ltr'>cohor-</span> 
     </span>
     <span class='ocr_line' id='line_1_11' title="bbox 340 1785 1307 1887; baseline -0.004 -22"><span class='ocrx_word' id='word_1_68' title='bbox 340 1797 368 1836; x_wconf 90' lang='lat'>“</span> <span class='ocrx_word' id='word_1_69' title='bbox 386 1814 435 1865; x_wconf 90' lang='lat' dir='ltr'>tes</span> <span class='ocrx_word' id='word_1_70' title='bbox 450 1792 536 1864; x_wconf 91' lang='lat' dir='ltr'>tueri</span> <span class='ocrx_word' id='word_1_71' title='bbox 549 1791 785 1887; x_wconf 77' lang='lat' dir='ltr'>nequivisset.&#39;’</span> <span class='ocrx_word' id='word_1_72' title='bbox 834 1789 943 1863; x_wconf 83' lang='lat' dir='ltr'>Haud</span> <span class='ocrx_word' id='word_1_73' title='bbox 960 1786 1060 1860; x_wconf 69' lang='lat' dir='ltr'>facile</span> <span class='ocrx_word' id='word_1_74' title='bbox 1078 1786 1153 1883; x_wconf 88' lang='lat' dir='ltr'>quis</span> <span class='ocrx_word' id='word_1_75' title='bbox 1170 1785 1229 1858; x_wconf 92' lang='lat' dir='ltr'>uni</span> <span class='ocrx_word' id='word_1_76' title='bbox 1246 1791 1307 1861; x_wconf 77' lang='lat' dir='ltr'>ad-</span> 
     </span>
     <span class='ocr_line' id='line_1_12' title="bbox 340 1905 1306 2009; baseline -0.006 -25"><span class='ocrx_word' id='word_1_77' title='bbox 340 1911 520 2009; x_wconf 82' lang='lat' dir='ltr'>signaverit</span> <span class='ocrx_word' id='word_1_78' title='bbox 551 1911 703 2006; x_wconf 89' lang='lat' dir='ltr'>culpam,</span> <span class='ocrx_word' id='word_1_79' title='bbox 738 1934 817 2006; x_wconf 85' lang='lat' dir='ltr'>quae</span> <span class='ocrx_word' id='word_1_80' title='bbox 843 1907 1002 1980; x_wconf 91' lang='lat' dir='ltr'>omnium</span> <span class='ocrx_word' id='word_1_81' title='bbox 1031 1905 1118 1978; x_wconf 86' lang='lat' dir='ltr'>fuit:</span> <span class='ocrx_word' id='word_1_82' title='bbox 1158 1931 1238 1976; x_wconf 89' lang='lat' dir='ltr'>nam</span> <span class='ocrx_word' id='word_1_83' title='bbox 1272 1911 1306 1978; x_wconf 74' lang='lat' dir='ltr'>ar</span> 
     </span>
     <span class='ocr_line' id='line_1_13' title="bbox 339 2025 1305 2125; baseline -0.007 -22"><span class='ocrx_word' id='word_1_84' title='bbox 339 2030 528 2104; x_wconf 86' lang='lat' dir='ltr'>Mucianus</span> <span class='ocrx_word' id='word_1_85' title='bbox 556 2027 727 2125; x_wconf 83' lang='lat' dir='ltr'>ambiguis</span> <span class='ocrx_word' id='word_1_86' title='bbox 753 2026 900 2123; x_wconf 89' lang='lat' dir='ltr'>epistolis</span> <span class='ocrx_word' id='word_1_87' title='bbox 923 2025 1068 2098; x_wconf 71' lang='lat' dir='ltr'>vietores</span> <span class='ocrx_word' id='word_1_88' title='bbox 1085 2026 1305 2111; x_wconf 81' lang='lat' dir='ltr'>morabatur3</span> 
     </span>
     <span class='ocr_line' id='line_1_14' title="bbox 340 2143 1308 2241; baseline -0.007 -20"><span class='ocrx_word' id='word_1_89' title='bbox 340 2152 375 2221; x_wconf 77' lang='grc' dir='ltr'>δι</span> <span class='ocrx_word' id='word_1_90' title='bbox 399 2146 572 2220; x_wconf 86' lang='lat' dir='ltr'>Antonius</span> <span class='ocrx_word' id='word_1_91' title='bbox 590 2144 794 2241; x_wconf 84' lang='lat' dir='ltr'>praepostero</span> <span class='ocrx_word' id='word_1_92' title='bbox 808 2144 984 2241; x_wconf 87' lang='lat' dir='ltr'>obsequio,</span> <span class='ocrx_word' id='word_1_93' title='bbox 1009 2145 1065 2215; x_wconf 81' lang='lat' dir='ltr'>vel</span> <span class='ocrx_word' id='word_1_94' title='bbox 1081 2143 1166 2216; x_wconf 91' lang='lat' dir='ltr'>dum</span> <span class='ocrx_word' id='word_1_95' title='bbox 1183 2143 1308 2240; x_wconf 84' lang='lat' dir='ltr'>regerit</span> 
     </span>
     <span class='ocr_line' id='line_1_15' title="bbox 338 2261 1307 2359; baseline -0.003 -22"><span class='ocrx_word' id='word_1_96' title='bbox 338 2264 520 2350; x_wconf 88' lang='lat' dir='ltr'>invidiam,</span> <span class='ocrx_word' id='word_1_97' title='bbox 550 2261 679 2335; x_wconf 86' lang='lat' dir='ltr'>crimen</span> <span class='ocrx_word' id='word_1_98' title='bbox 705 2261 827 2334; x_wconf 88' lang='lat' dir='ltr'>meruit</span> <span class='ocrx_word' id='word_1_99' title='bbox 839 2291 850 2348; x_wconf 91' lang='lat'>;</span> <span class='ocrx_word' id='word_1_100' title='bbox 877 2261 1049 2359; x_wconf 87' lang='lat' dir='ltr'>ceterique</span> <span class='ocrx_word' id='word_1_101' title='bbox 1072 2261 1191 2350; x_wconf 90' lang='lat' dir='ltr'>duces,</span> <span class='ocrx_word' id='word_1_102' title='bbox 1218 2262 1307 2334; x_wconf 90' lang='lat' dir='ltr'>dum</span> 
     </span>
     <span class='ocr_line' id='line_1_16' title="bbox 339 2379 1304 2479; baseline 0 -28"><span class='ocrx_word' id='word_1_103' title='bbox 339 2381 513 2477; x_wconf 49' lang='lat' dir='ltr'>peruium</span> <span class='ocrx_word' id='word_1_104' title='bbox 538 2381 670 2452; x_wconf 87' lang='lat' dir='ltr'>bellum</span> <span class='ocrx_word' id='word_1_105' title='bbox 697 2399 832 2476; x_wconf 90' lang='lat' dir='ltr'>putant,</span> <span class='ocrx_word' id='word_1_106' title='bbox 860 2384 967 2454; x_wconf 88' lang='lat' dir='ltr'>finem</span> <span class='ocrx_word' id='word_1_107' title='bbox 995 2379 1065 2479; x_wconf 88' lang='lat' dir='ltr'>ejus</span> <span class='ocrx_word' id='word_1_108' title='bbox 1093 2379 1304 2477; x_wconf 63' lang='lat' dir='ltr'>insignivere.</span> 
     </span>
     <span class='ocr_line' id='line_1_17' title="bbox 338 2496 1305 2595; baseline 0 -25"><span class='ocrx_word' id='word_1_109' title='bbox 338 2499 397 2570; x_wconf 91' lang='lat' dir='ltr'>Ne</span> <span class='ocrx_word' id='word_1_110' title='bbox 413 2496 553 2586; x_wconf 83' lang='lat' dir='ltr'>Petilius</span> <span class='ocrx_word' id='word_1_111' title='bbox 569 2497 713 2593; x_wconf 88' lang='lat' dir='ltr'>quidem</span> <span class='ocrx_word' id='word_1_112' title='bbox 730 2498 885 2587; x_wconf 86' lang='lat' dir='ltr'>Cerialis,</span> <span class='ocrx_word' id='word_1_113' title='bbox 920 2526 1002 2573; x_wconf 89' lang='lat' dir='ltr'>cum</span> <span class='ocrx_word' id='word_1_114' title='bbox 1024 2498 1117 2570; x_wconf 91' lang='lat' dir='ltr'>mille</span> <span class='ocrx_word' id='word_1_115' title='bbox 1132 2498 1305 2595; x_wconf 82' lang='lat' dir='ltr'>equitibus</span> 
     </span>
     <span class='ocr_line' id='line_1_18' title="bbox 338 2597 1305 2714; baseline 0.003 -27"><span class='ocrx_word' id='word_1_116' title='bbox 338 2597 610 2712; x_wconf 60' lang='lat' dir='ltr'>ptaemiffusf‘ut</span> <span class='ocrx_word' id='word_1_117' title='bbox 626 2615 815 2689; x_wconf 85' lang='lat' dir='ltr'>transverfis</span> <span class='ocrx_word' id='word_1_118' title='bbox 832 2617 1005 2691; x_wconf 89' lang='lat' dir='ltr'>itineribus</span> <span class='ocrx_word' id='word_1_119' title='bbox 1022 2642 1081 2714; x_wconf 87' lang='lat' dir='ltr'>per</span> <span class='ocrx_word' id='word_1_120' title='bbox 1101 2642 1223 2714; x_wconf 88' lang='lat' dir='ltr'>agrum</span> <span class='ocrx_word' id='word_1_121' title='bbox 1246 2619 1305 2690; x_wconf 88' lang='lat' dir='ltr'>Sa·</span> 
     </span>
     <span class='ocr_line' id='line_1_19' title="bbox 338 2733 1303 2825; baseline 0.001 -18"><span class='ocrx_word' id='word_1_122' title='bbox 338 2734 476 2824; x_wconf 91' lang='lat' dir='ltr'>binum,</span> <span class='ocrx_word' id='word_1_123' title='bbox 502 2733 627 2807; x_wconf 67' lang='lat' dir='ltr'>Salaria</span> <span class='ocrx_word' id='word_1_124' title='bbox 653 2735 720 2821; x_wconf 70' lang='lat' dir='ltr'>via,</span> <span class='ocrx_word' id='word_1_125' title='bbox 745 2737 883 2811; x_wconf 88' lang='lat' dir='ltr'>Urbem</span> <span class='ocrx_word' id='word_1_126' title='bbox 909 2735 1073 2825; x_wconf 89' lang='lat' dir='ltr'>introiret,</span> <span class='ocrx_word' id='word_1_127' title='bbox 1097 2736 1172 2808; x_wconf 87' lang='lat' dir='ltr'>satis</span> <span class='ocrx_word' id='word_1_128' title='bbox 1189 2755 1303 2808; x_wconf 84' lang='lat' dir='ltr'>matu·</span> 
     </span>
     <span class='ocr_line' id='line_1_20' title="bbox 337 2851 1303 2951; baseline 0 -26"><span class='ocrx_word' id='word_1_129' title='bbox 337 2873 491 2926; x_wconf 81' lang='lat' dir='ltr'>faverat:</span> <span class='ocrx_word' id='word_1_130' title='bbox 511 2852 622 2925; x_wconf 92' lang='lat' dir='ltr'>donec</span> <span class='ocrx_word' id='word_1_131' title='bbox 637 2851 753 2925; x_wconf 84' lang='lat' dir='ltr'>obseffi</span> <span class='ocrx_word' id='word_1_132' title='bbox 765 2854 926 2951; x_wconf 90' lang='lat' dir='ltr'>Capitolii</span> <span class='ocrx_word' id='word_1_133' title='bbox 944 2853 1036 2927; x_wconf 85' lang='lat' dir='ltr'>fama</span> <span class='ocrx_word' id='word_1_134' title='bbox 1049 2856 1188 2928; x_wconf 68' lang='lat' dir='ltr'>cunelos</span> <span class='ocrx_word' id='word_1_135' title='bbox 1206 2855 1303 2926; x_wconf 78' lang='lat' dir='ltr'>simul</span> 
     </span>
     <span class='ocr_line' id='line_1_21' title="bbox 336 2972 477 3044; baseline 0 -1"><span class='ocrx_word' id='word_1_136' title='bbox 336 2972 477 3044; x_wconf 87' lang='lat' dir='ltr'>exciret.</span> 
     </span>
    </p>

    <p class='ocr_par' dir='ltr' id='par_1_3' title="bbox 333 3090 1305 4017">
     <span class='ocr_line' id='line_1_22' title="bbox 384 3090 1304 3188; baseline 0.004 -29"><span class='ocrx_word' id='word_1_137' title='bbox 384 3090 557 3160; x_wconf 87' lang='lat' dir='ltr'><strong>LXXIX.</strong></span> <span class='ocrx_word' id='word_1_138' title='bbox 584 3093 792 3162; x_wconf 79' lang='lat' dir='ltr'>Auromus</span> <span class='ocrx_word' id='word_1_139' title='bbox 831 3118 892 3188; x_wconf 86' lang='lat' dir='ltr'>per</span> <span class='ocrx_word' id='word_1_140' title='bbox 914 3092 1118 3165; x_wconf 86' lang='lat' dir='ltr'>Flaminiam</span> <span class='ocrx_word' id='word_1_141' title='bbox 1145 3092 1187 3162; x_wconf 90' lang='lat' dir='ltr'>ad</span> <span class='ocrx_word' id='word_1_142' title='bbox 1217 3092 1304 3163; x_wconf 83' lang='lat' dir='ltr'>Saxa</span> 
     </span>
     <span class='ocr_line' id='line_1_23' title="bbox 336 3206 1303 3303; baseline -0.001 -22"><span class='ocrx_word' id='word_1_143' title='bbox 336 3211 449 3295; x_wconf 87' lang='lat' dir='ltr'>rubra,</span> <span class='ocrx_word' id='word_1_144' title='bbox 476 3209 586 3278; x_wconf 88' lang='lat' dir='ltr'>multo</span> <span class='ocrx_word' id='word_1_145' title='bbox 608 3206 683 3303; x_wconf 86' lang='lat' dir='ltr'>jam</span> <span class='ocrx_word' id='word_1_146' title='bbox 711 3209 835 3298; x_wconf 58' lang='lat' dir='ltr'>noblis,</span> <span class='ocrx_word' id='word_1_147' title='bbox 866 3210 975 3284; x_wconf 90' lang='lat' dir='ltr'>serum</span> <span class='ocrx_word' id='word_1_148' title='bbox 1004 3212 1172 3283; x_wconf 86' lang='lat' dir='ltr'>auxilium</span> <span class='ocrx_word' id='word_1_149' title='bbox 1200 3209 1303 3281; x_wconf 85' lang='lat' dir='ltr'>venit.</span> 
     </span>
     <span class='ocr_line' id='line_1_24' title="bbox 339 3325 1305 3426; baseline 0 -27"><span class='ocrx_word' id='word_1_150' title='bbox 339 3328 415 3399; x_wconf 92' lang='lat' dir='ltr'>lllic</span> <span class='ocrx_word' id='word_1_151' title='bbox 442 3334 469 3368; x_wconf 78' lang='lat'>‘⁴</span> <span class='ocrx_word' id='word_1_152' title='bbox 489 3325 703 3398; x_wconf 65' lang='lat' dir='ltr'>interfeelum</span> <span class='ocrx_word' id='word_1_153' title='bbox 722 3328 899 3416; x_wconf 87' lang='lat' dir='ltr'>Sabinum,</span> <span class='ocrx_word' id='word_1_154' title='bbox 925 3332 1147 3426; x_wconf 85' lang='lat' dir='ltr'>conflagraffe</span> <span class='ocrx_word' id='word_1_155' title='bbox 1163 3328 1305 3423; x_wconf 90' lang='lat' dir='ltr'>Capito·</span> 
     </span>
     <span class='ocr_line' id='line_1_25' title="bbox 338 3445 1300 3544; baseline 0.001 -29"><span class='ocrx_word' id='word_1_156' title='bbox 338 3452 366 3487; x_wconf 89' lang='lat'><strong>“</strong></span> <span class='ocrx_word' id='word_1_157' title='bbox 385 3445 485 3532; x_wconf 90' lang='lat' dir='ltr'>lium,</span> <span class='ocrx_word' id='word_1_158' title='bbox 505 3464 648 3517; x_wconf 87' lang='lat' dir='ltr'>tremere</span> <span class='ocrx_word' id='word_1_159' title='bbox 670 3447 845 3538; x_wconf 88' lang='lat' dir='ltr'>Urbem,”</span> <span class='ocrx_word' id='word_1_160' title='bbox 866 3449 981 3520; x_wconf 87' lang='lat' dir='ltr'>maesta</span> <span class='ocrx_word' id='word_1_161' title='bbox 1006 3449 1123 3520; x_wconf 90' lang='lat' dir='ltr'>omnia</span> <span class='ocrx_word' id='word_1_162' title='bbox 1140 3447 1300 3544; x_wconf 86' lang='lat' dir='ltr'>accepit:</span> 
     </span>
     <span class='ocr_line' id='line_1_26' title="bbox 337 3564 1302 3662; baseline 0.001 -28"><span class='ocrx_word' id='word_1_163' title='bbox 337 3570 363 3607; x_wconf 92' lang='lat'><strong>“</strong></span> <span class='ocrx_word' id='word_1_164' title='bbox 383 3565 520 3659; x_wconf 88' lang='lat' dir='ltr'>plebem</span> <span class='ocrx_word' id='word_1_165' title='bbox 547 3570 737 3661; x_wconf 88' lang='lat' dir='ltr'>quoque&amp;</span> <span class='ocrx_word' id='word_1_166' title='bbox 761 3565 891 3638; x_wconf 88' lang='lat' dir='ltr'>servitia</span> <span class='ocrx_word' id='word_1_167' title='bbox 909 3593 973 3662; x_wconf 87' lang='lat' dir='ltr'>pro</span> <span class='ocrx_word' id='word_1_168' title='bbox 984 3566 1123 3639; x_wconf 90' lang='lat' dir='ltr'>Vitellio</span> <span class='ocrx_word' id='word_1_169' title='bbox 1139 3564 1302 3652; x_wconf 88' lang='lat' dir='ltr'>armari,’&#39;</span> 
     </span>
     <span class='ocr_line' id='line_1_27' title="bbox 335 3681 1300 3781; baseline 0 -26"><span class='ocrx_word' id='word_1_170' title='bbox 335 3681 565 3755; x_wconf 85' lang='lat' dir='ltr'>nuntiabatur.</span> <span class='ocrx_word' id='word_1_171' title='bbox 616 3685 662 3755; x_wconf 89' lang='lat' dir='ltr'>Et</span> <span class='ocrx_word' id='word_1_172' title='bbox 679 3683 801 3755; x_wconf 91' lang='lat' dir='ltr'>Petilio</span> <span class='ocrx_word' id='word_1_173' title='bbox 822 3684 946 3757; x_wconf 85' lang='lat' dir='ltr'>Ceriali</span> <span class='ocrx_word' id='word_1_174' title='bbox 970 3685 1119 3781; x_wconf 83' lang='lat' dir='ltr'>equestre</span> <span class='ocrx_word' id='word_1_175' title='bbox 1137 3683 1300 3780; x_wconf 84' lang='lat' dir='ltr'>proelium</span> 
     </span>
     <span class='ocr_line' id='line_1_28' title="bbox 334 3798 1299 3898; baseline -0.001 -25"><span class='ocrx_word' id='word_1_176' title='bbox 334 3799 511 3873; x_wconf 85' lang='lat' dir='ltr'>adversum</span> <span class='ocrx_word' id='word_1_177' title='bbox 529 3798 661 3872; x_wconf 87' lang='lat' dir='ltr'>fuerat:</span> <span class='ocrx_word' id='word_1_178' title='bbox 690 3827 839 3898; x_wconf 88' lang='lat' dir='ltr'>namque</span> <span class='ocrx_word' id='word_1_179' title='bbox 856 3802 1045 3891; x_wconf 89' lang='lat' dir='ltr'>incautum,</span> <span class='ocrx_word' id='word_1_180' title='bbox 1072 3807 1105 3874; x_wconf 74' lang='grc' dir='ltr'>δι</span> <span class='ocrx_word' id='word_1_181' title='bbox 1123 3822 1299 3897; x_wconf 86' lang='lat' dir='ltr'>tamquam</span> 
     </span>
     <span class='ocr_line' id='line_1_29' title="bbox 333 3918 1299 4017; baseline -0.001 -26"><span class='ocrx_word' id='word_1_182' title='bbox 333 3921 378 3993; x_wconf 82' lang='lat' dir='ltr'>ad</span> <span class='ocrx_word' id='word_1_183' title='bbox 406 3918 516 3990; x_wconf 61' lang='lat' dir='ltr'>villos</span> <span class='ocrx_word' id='word_1_184' title='bbox 549 3940 719 4010; x_wconf 89' lang='lat' dir='ltr'>ruentem,</span> <span class='ocrx_word' id='word_1_185' title='bbox 753 3919 938 4012; x_wconf 89' lang='lat' dir='ltr'>Vitelliani,</span> <span class='ocrx_word' id='word_1_186' title='bbox 973 3921 1166 4015; x_wconf 67' lang='lat' dir='ltr'>interjeelus</span> <span class='ocrx_word' id='word_1_187' title='bbox 1194 3918 1299 4017; x_wconf 88' lang='lat' dir='ltr'>equiti</span> 
     </span>
    </p>
   </div>
   <div class='ocr_carea' id='block_1_3' title="bbox 0 0 1504 5144">
    <p class='ocr_par' dir='ltr' id='par_1_4' title="bbox 0 0 1504 5144">
     <span class='ocr_line' id='line_1_30' title="bbox 0 0 1504 5144; baseline 0 4"><span class='ocrx_word' id='word_1_188' title='bbox 0 0 1504 5144; x_wconf 95' lang='lat' dir='ltr'> </span> 
     </span>
    </p>
   </div>
  </div>
 </body>
</html>
