3000 5144
427 456 835 529 Hrsronrnnun
869 458 978 531 Lra.
1012 460 1041 531 1.
1192 488 1233 561 ¹3

261 628 413 718 stitione,
442 653 483 701 ac
511 629 647 705 lascivia
679 633 871 706 discordem
902 636 935 704 δι
967 633 1149 724 mobilem,
1183 635 1235 707 in·

260 747 367 822 sciam
391 750 526 843 legum,
552 749 706 846 ignaram
741 752 1000 849 magistratuum
1026 754 1123 827 dorni
1158 754 1236 826 reti·

261 893 353 940 nere.
403 870 565 963 Regebat
590 888 665 942 rum
683 871 844 943 Tiberius
861 873 1062 943 Alexander
1086 867 1238 968 ejusdem

260 983 418 1059 nationis.
469 984 600 1075 Africa,
612 1013 652 1059 ac
671 988 823 1086 legiones
840 988 876 1060 in
893 993 944 1078 ea,
959 990 1136 1062 interseclo
1153 991 1236 1063 Clo·

258 1105 320 1177 dio
337 1107 479 1193 Macte,
504 1124 674 1178 contenta
693 1107 940 1204 qualicumque
955 1107 1129 1204 Principe,
1160 1108 1237 1204 post

261 1223 542 1320 experimentum
570 1224 706 1297 domini
736 1225 888 1298 minoris.
936 1228 1027 1298 Duae
1057 1230 1237 1299 Maureta·

259 1342 339 1432 niae,
361 1342 490 1431 Ratia,
508 1343 693 1433 Noricum,
711 1344 876 1433 Thracia,
907 1347 940 1415 δι
960 1370 1038 1441 qua
1055 1343 1128 1416 aliae
1158 1371 1235 1441 pro-

261 1461 475 1537 curatoribus
506 1462 727 1552 cohibentur,
758 1483 797 1535 ut
829 1456 955 1559 cuique
984 1463 1150 1535 exercitui
1183 1463 1236 1535 vis

261 1580 363 1671 cinae,
391 1579 437 1653 ita
454 1581 489 1653 in
505 1580 676 1671 favorem,
705 1603 765 1654 aut
781 1582 916 1670 odium,
942 1584 1101 1655 contadu
1119 1583 1237 1654 valen-

261 1699 386 1772 tiorum
402 1703 602 1796 agebantur.
652 1703 803 1774 Inermes
828 1700 1028 1798 provincia,
1048 1722 1150 1798 atque
1167 1701 1239 1798 ipsa

268 1817 306 1890 in
336 1817 455 1914 primis
481 1820 591 1910 ltalia,
620 1820 830 1917 cuicumque
857 1818 990 1892 servitio
1006 1823 1172 1915 exposita,
1202 1821 1237 1893 in

264 1935 413 2034 pretium
430 1938 511 2010 belli
529 1940 664 2012 cellurae
690 1958 798 2011 erant.
848 1940 922 2011 Hic
940 1936 1005 2009 fuit
1024 1962 1137 2010 rerum
1162 1943 1237 2012 Ro·

261 2080 445 2129 manarum
470 2057 587 2147 status,
617 2059 698 2131 clun
730 2058 800 2130 Ser.
826 2058 940 2129 Galba
963 2055 1104 2144 iterum,
1135 2057 1238 2131 Titus

261 2175 385 2248 Vinius
402 2174 568 2266 consules,
588 2177 793 2249 inchoavere
808 2201 939 2249 annum
964 2174 1024 2248 srbi
1047 2175 1228 2268 ultimum,

263 2295 461 2391 reipublicae
480 2297 588 2392 prope
607 2293 820 2391 supremum.

313 2416 396 2487 ΧΠ.
427 2417 576 2487 ΡΑυειε
607 2415 683 2511 post
710 2413 883 2488 Kalendas
911 2413 1086 2506 Januarias
1115 2414 1238 2489 diebus

263 2533 424 2631 Pompeii
440 2532 647 2630 Propinqui,
669 2532 910 2628 procuratoris,
937 2557 956 2604 e
974 2531 1113 2629 Belgica
1131 2535 1236 2606 literae

264 2653 464 2741 afferuntur,
493 2651 713 2748 “superioris
736 2650 931 2723 Germania
954 2649 1121 2748 legiones,
1140 2656 1241 2747 rupta

262 2776 291 2813 “
308 2769 509 2843 sacramenti
523 2770 724 2859 reverentia,
744 2772 990 2866 Imperatorem
1007 2770 1114 2843 alium
1132 2770 1234 2868 flagi-

266 2894 295 2931 “
313 2907 396 2978 tare,
428 2895 461 2963 &
489 2889 617 2963 senatui
640 2914 679 2960 ac
702 2888 835 2984 populo
863 2892 1026 2960 Romano
1055 2889 1238 2962 arbitrium

265 3007 465 3104 “eligendi
490 3008 724 3104 permittere,’'
751 3006 823 3104 qud
847 3005 967 3080 seditio
989 3007 1126 3079 mollitis
1148 3007 1238 3080 acci-

267 3147 416 3224 peretur.
466 3126 658 3199 Maturatit
681 3152 721 3198 ea
737 3151 787 3198 res
811 3126 990 3198 confilium
1007 3127 1145 3214 Galbae,
1167 3124 1241 3222 jam

266 3246 402 3343 pridem
423 3248 467 3319 de
483 3246 671 3341 adoptione
686 3247 800 3317 secum
827 3249 859 3316 δι
878 3270 959 3316 curn
978 3243 1144 3339 proximis
1166 3245 1240 3341 agi-

266 3366 378 3438 tantis.
427 3367 512 3438 Non
530 3362 606 3436 lane
631 3364 782 3438 crebrior
798 3365 870 3435 total
892 3361 1031 3434 civitate
1048 3361 1158 3433 sermo
1179 3389 1241 3458 per

268 3483 345 3559 illos
364 3481 493 3558 menses
510 3484 645 3557 firerat:
674 3482 830 3579 primirm
859 3480 1010 3568 licentia,
1036 3505 1076 3551 ac
1099 3479 1241 3554 libidine

265 3605 347 3677 talia
359 3603 540 3701 loquendi,
554 3602 634 3674 dein
652 3600 733 3674 fessi
743 3599 819 3696 jam
832 3618 929 3672 aetate
946 3599 1079 3670 Galbae.
1119 3600 1240 3675 Paucis

261 3719 449 3818 judicium,
473 3743 531 3794 aut
549 3721 743 3818 reipublicae
757 3745 881 3792 amor:
907 3717 1007 3790 multi
1020 3719 1153 3790 occulta
1171 3716 1240 3814 spe,

270 3864 374 3943 prout
390 3841 467 3938 quis
485 3841 618 3915 amicus
634 3841 689 3924 uel
707 3839 825 3930 cliens,
853 3841 946 3912 hunc
963 3837 1018 3918 vel
1045 3837 1143 3912 illum
1167 3864 1241 3911 am-
