3000 5144
406 534 652 605 Drnroous
688 553 744 601 nu
779 532 1096 602 Onaronrnus.
1190 553 1232 623 13

265 710 360 807 cipes
373 706 451 798 fori,
470 736 560 784 nunc
574 711 743 808 principes
760 712 793 783 in
806 709 943 784 Caesaris
961 707 1108 780 amicitia
1125 727 1235 805 agunt

265 827 444 923 feruntque
473 833 610 917 cunela,
639 852 742 927 atque
782 832 827 901 ab
861 827 931 923 ipso
962 826 1121 921 Principe
1154 853 1237 899 cum

266 948 418 1042 qufidam
435 948 621 1019 reverenti&
641 948 846 1044 diliguntur.
896 942 1235 1042 QriaVespasranus,

266 1065 470 1137 venerabilis
494 1063 611 1152 senex,
640 1069 672 1136 δι
691 1063 950 1161 patientissimus
967 1061 1052 1151 veri,
1080 1065 1167 1135 bene
1185 1063 1236 1134 in·

267 1182 408 1279 telligit,
440 1205 568 1255 ceteros
591 1184 733 1280 quidem
757 1183 887 1255 amicos
904 1179 977 1254 suos
999 1181 1059 1252 niti
1077 1180 1130 1270 iis,
1160 1208 1237 1276 quae

233 1308 235 1313 ’
267 1305 313 1374 ab
329 1300 402 1397 ipso
420 1303 624 1397 acceperint,
651 1327 798 1399 quaeque
816 1302 874 1398 ipfi
892 1301 1123 1389 accumulare,
1152 1305 1184 1372 δι
1202 1301 1238 1372 in

264 1419 349 1490 alios
366 1445 553 1517 congerere
566 1442 769 1516 promptum
786 1420 834 1491 est
852 1449 860 1490 :
894 1420 1103 1491 Marcellum
1121 1438 1237 1491 autem

266 1542 300 1609 &
318 1538 493 1634 Crispum,
512 1539 658 1609 attulisse
669 1540 713 1610 ad
725 1537 911 1610 amicitiam
927 1537 1033 1626 suam,
1053 1542 1150 1633 quod
1167 1564 1237 1609 non

264 1681 287 1726 a
303 1656 464 1752 Principe
480 1655 686 1751 acceperint,
705 1681 768 1727 nec
780 1655 887 1750 accipi
905 1658 1012 1750 possit.
1047 1655 1239 1729 Minimum

265 1774 355 1846 inter
383 1795 433 1846 tot
466 1801 506 1847 ac
533 1795 626 1844 tanta
654 1776 772 1847 locum
801 1773 958 1845 obtinent
987 1772 1167 1870 imagines
1194 1801 1236 1847 ac

267 1891 373 1981 tituli,
399 1898 432 1964 &
451 1893 582 1980 statuae,
605 1919 683 1988 quae
702 1917 814 1987 neque
831 1891 900 1986 ipsa
916 1912 1032 1963 tamen
1054 1893 1237 1990 negligun-

266 2030 349 2082 tur:
378 2031 448 2083 tam
478 2013 629 2100 hercule,
659 2012 766 2106 quam
794 2009 938 2098 disitiae,
972 2015 1006 2081 a
1028 2036 1123 2106 opes,
1151 2038 1237 2108 quas

262 2127 393 2201 facilius
421 2129 586 2218 invenies,
628 2129 688 2226 qui
713 2129 893 2223 vituperer,
924 2130 1031 2224 quiam
1055 2130 1115 2225 qui
1143 2128 1234 2203 sasti-

264 2247 346 2318 diat.
396 2247 466 2319 His
483 2247 586 2344 igitur
603 2253 636 2321 δε
662 2246 864 2336 honoribus,
891 2251 923 2319 δι
951 2249 1172 2337 ornamentis,
1199 2250 1237 2320 &

264 2364 497 2454 facultatibus,
524 2364 660 2439 refertas
685 2368 810 2438 domos
838 2392 957 2439 eorum
976 2367 1147 2454 videmus,
1176 2368 1237 2464 qui

264 2483 296 2555 se
314 2486 358 2556 ab
374 2483 513 2555 ineunte
528 2482 756 2557 adolescentia
774 2490 879 2558 causis
902 2485 1087 2559 forenfibus
1109 2486 1145 2556 &
1161 2512 1236 2560 ora-

265 2603 355 2674 torio
371 2602 484 2674 studio
502 2604 683 2675 dederunt.

313 2723 379 2793 IX.
405 2723 505 2792 ΝΛΜ
524 2721 677 2793 carmina
699 2720 734 2790 ἃ
753 2720 879 2809 versus,
904 2721 1031 2817 quibus
1056 2742 1165 2794 totam
1183 2725 1235 2795 vi-

263 2861 333 2912 tam
351 2842 530 2912 Maternus
556 2839 724 2911 insumere
750 2859 846 2933 optat
871 2837 970 2932 (inde
998 2839 1091 2911 enim
1120 2843 1234 2914 omnis

264 2958 367 3036 fluxit
383 2958 507 3049 oratio)
539 2983 652 3053 neque
675 2957 880 3053 dignitatem
906 2959 1011 3029 ullam
1039 2960 1236 3033 auctoribus

263 3075 329 3149 suis
347 3076 543 3165 conciliant,
568 3099 683 3171 neque
695 3075 854 3147 utilitates
870 3077 989 3148 alunt:
1021 3078 1235 3173 voluptatem

262 3216 378 3267 autem
407 3198 561 3283 brevem,
590 3195 729 3266 laudem
758 3193 895 3265 inanem
921 3193 958 3264 δι
991 3190 1235 3269 infrusluosam

264 3312 528 3409 consequuntur.
579 3312 681 3384 Licet
709 3314 782 3384 lroec
816 3311 899 3408 ipsa,
935 3318 968 3384 &
997 3338 1075 3407 quat
1109 3313 1235 3387 deinde

262 3432 416 3504 ‹lietums
444 3431 533 3520 sum,
573 3456 669 3502 aures
695 3451 776 3520 tuae,
810 3457 832 3502 o
859 3435 1033 3521 Materne,
1063 3430 1233 3528 respuant,

260 3550 318 3622 cui
336 3553 429 3622 bono
447 3550 507 3640 est,
535 3554 557 3621 s1
584 3551 676 3645 apud
700 3571 735 3620 te
759 3555 1019 3646 Agamemnon,
1047 3570 1105 3621 aut
1129 3550 1233 3644 Jason

261 3666 381 3739 diserte
407 3668 588 3763 loquitur?
620 3666 696 3762 quis
721 3667 798 3738 ideo
827 3669 973 3740 domum
995 3665 1165 3756 defensus,
1199 3676 1233 3743 δι

261 3784 325 3857 tibi
344 3785 517 3881 obligatus
534 3784 650 3856 redit?
678 3785 765 3881 Qris
781 3786 928 3857 Saleium
946 3785 1111 3872 nostrum,
1135 3812 1234 3884 egre-

263 3903 361 4013 gium
380 3910 534 4000 po'c'tam,
553 3905 623 3993 vel,
644 3906 747 3978 fihoc
764 3903 1045 3978 honorificentius
1063 3904 1122 3995 est,
1145 3932 1232 4003 ptae-
