3000 5144
346 521 393 610 48
579 518 620 591 C.
652 520 923 593 Contracta
957 522 1155 598 Tactr‘t

344 685 503 776 busdam,
538 707 576 759 ut
605 694 640 760 in
674 691 841 777 tumultu,
874 688 1058 761 notabilius
1086 685 1317 758 turbantibus.

343 807 428 876 Non
459 827 574 878 tamen
602 807 783 904 quisquam
805 809 841 878 in
867 809 1013 878 modum
1042 804 1230 893 concionis,
1259 823 1317 876 aut

343 920 501 1019 suggestu
515 925 677 997 locutus:
703 925 925 1022 nequeenim
943 946 1012 997 erat
1029 925 1157 1011 adhuc,
1176 923 1234 996 cui
1250 922 1318 994 im·

342 1064 531 1136 putaretur.
1062 1045 1065 1049 ’

390 1163 487 1232 LVI.
514 1165 742 1235 Spacrnron
764 1161 885 1258 flagitii
910 1160 1138 1234 Hordeonius
1154 1162 1183 1233 F
1185 1162 1314 1245 lactus,-

340 1278 521 1351 consularis
540 1282 684 1376 legatus,
698 1281 825 1369 aderat,
848 1306 918 1352 non
934 1278 1151 1374 compescere
1166 1297 1315 1365 ruentes,

339 1423 411 1469 non
430 1398 571 1470 retinere
594 1398 734 1488 dubios,
763 1423 833 1469 non
857 1399 1026 1469 cohortari
1053 1400 1162 1469 bonos
1190 1393 1313 1480 ausus;

340 1513 397 1587 sed
421 1516 544 1613 segnis,
571 1516 729 1612 pavidus,
762 1514 967 1588 &socordis
988 1516 1166 1587 innocens.
1217 1519 1314 1609 Qa-

341 1655 421 1706 tuor
443 1633 659 1706 centuriones
685 1633 961 1705 duoetvicesrmae
984 1632 1145 1729 legionis,
1173 1631 1313 1705 Nonius

340 1755 532 1847 Receptus,
561 1752 732 1823 Donatius
747 1753 885 1839 Valens,
913 1751 1090 1823 Romilius
1106 1751 1313 1838 Marcellus,

338 1870 545 1966 Calpurnius
574 1869 807 1966 Repentinus,
839 1870 920 1941 ciam
950 1889 1169 1966 protegerent
1191 1870 1313 1940 Galbae

339 1988 521 2085 imagines,
564 1989 696 2084 impetu
739 1987 890 2060 militum
934 1987 1080 2082 abrepti,
1123 1985 1312 2083 vinctique.

338 2110 417 2180 Nec
442 2108 605 2203 cuiquam
623 2108 712 2178 ultra
729 2107 828 2194 fides,
852 2127 910 2176 aut
933 2103 1101 2177 memoria
1126 2102 1244 2200 prioris
1262 2102 1312 2175 sa-

338 2224 503 2298 cramenti
520 2253 528 2295 :
559 2223 630 2312 sed,
651 2226 745 2321 quod
762 2225 798 2295 in
814 2223 1036 2296 seditionibus
1053 2222 1190 2310 accidit,
1218 2223 1312 2296 unde

337 2347 452 2442 plures
466 2363 576 2430 erant,
595 2368 714 2414 omnes
738 2340 844 2414 suste.
894 2343 1023 2429 Nobie,
1043 2367 1121 2438 quae
1138 2340 1312 2413 Kalendas

338 2449 518 2557 Januarias
539 2461 649 2533 secuta
670 2462 732 2548 est,
762 2461 797 2532 in
823 2461 997 2533 coloniam
1013 2458 1310 2556 Agrippinensem

336 2580 494 2677 aquilifer
517 2599 647 2676 quarta
663 2578 807 2676 legionis
831 2579 983 2674 epulanti
999 2577 1140 2650 Vitellio
1163 2577 1310 2666 nuntiat,

339 2706 544 2796 “quartam
573 2704 606 2772 &
635 2697 939 2771 duoetvicefimam
966 2696 1133 2794 legiones,
1153 2695 1313 2793 projectis

339 2821 508 2892 “Galbae
541 2817 764 2914 imaginibus,
798 2817 832 2887 in
863 2815 995 2887 senatlrs
1024 2820 1058 2887 δι
1087 2814 1206 2910 populi
1235 2818 1311 2886 Ro·

339 2937 478 3008 “mani
506 2939 613 3008 verba
632 2936 793 3032 juraffe.''
853 2935 894 3006 ld
925 2933 1174 3020 sacramentum
1208 2934 1310 3005 inane

337 3055 468 3128 visum:
497 3062 525 3097 “
543 3055 703 3150 occupari
721 3073 901 3126 nutantem
925 3052 1111 3140 sortunam,
1141 3057 1174 3125 &
1197 3054 1310 3125 offerti

337 3180 365 3215 “
383 3172 604 3268 Principem”
634 3173 773 3269 placuit.
828 3171 921 3244 Miffi
950 3196 970 3242 a
993 3171 1131 3242 Vitellio
1153 3171 1197 3242 ad
1219 3170 1308 3267 legi·

336 3317 420 3364 ones
451 3291 663 3387 legatosque,
702 3290 761 3387 qui
797 3297 823 3333 “
850 3289 1028 3362 descivisse
1055 3315 1075 3360 a
1111 3290 1225 3361 Galblr
1253 3288 1307 3361 su·

339 3417 366 3452 ‘⁴
385 3409 552 3506 potiorem
570 3409 784 3482 exercitum''
797 3409 1011 3481 nuntiarent:
1041 3414 1067 3449 “
1087 3406 1232 3503 proinde
1248 3429 1308 3481 aut

337 3529 580 3600 “bellandum
604 3529 764 3600 adversiis
785 3525 1014 3615 desciscentes,
1041 3544 1100 3598 aut
1124 3528 1308 3597 srconcor·

337 3654 365 3688 ‘⁴
383 3647 440 3717 dia
470 3649 503 3716 ἃ
535 3671 601 3740 pax
632 3647 776 3741 placeat,
804 3642 1001 3717 faciendum
1033 3646 1305 3739 Imperatorem:

338 3771 366 3806 “
386 3767 419 3835 ὅτ
454 3763 585 3836 minore
614 3762 806 3836 discrimine
838 3762 924 3834 sumi
957 3761 1167 3860 Principem,
1200 3763 1307 3858 quim

338 3888 366 3924 “
384 3881 527 3978 quaeri.’'
