3000 5144
253 522 321 595 302
482 494 523 566 C.
555 494 824 567 Conuratt
857 495 1058 571 Tncrrr

252 667 434 739 Gallorum
466 664 696 761 obsequium:
735 690 816 738 uam
849 666 985 761 recepta
1019 661 1229 759 juventute,

254 782 386 854 facilius
422 783 547 857 tributa
578 786 778 871 toleravere,
812 784 986 879 proniores
1017 784 1063 853 ad
1091 782 1229 872 officia,

254 900 348 995 quiid
371 899 624 995 spernebantur.
673 907 723 975 At
751 902 870 976 Civilis
896 909 930 973 δι
951 904 1135 989 Clallrcus,
1165 898 1230 973 ubi

255 1027 281 1061 “
302 1019 434 1114 pulsum
451 1022 635 1109 Tutorem,
665 1019 766 1093 casos
783 1021 969 1108 Treveros,
998 1020 1126 1091 cundia
1148 1016 1227 1091 hos·

254 1144 283 1180 “
301 1139 391 1209 tibus
409 1136 563 1233 prospera
579 1142 764 1234 accepere:
791 1137 912 1234 trepidi
930 1163 969 1211 ac
987 1157 1227 1234 properantes,

256 1265 283 1299 “
302 1260 387 1329 dum
404 1254 564 1351 dispersas
580 1254 718 1328 suorum
735 1256 850 1352 copias
866 1256 1079 1342 conducunt,
1093 1253 1227 1327 crebris

256 1382 284 1417 “
304 1374 439 1445 interim
468 1374 594 1445 nuntiis
609 1374 831 1446 Valentinum
849 1376 1027 1459 monuere,
1058 1398 1102 1444 ne
1131 1373 1224 1445 sum·

259 1500 286 1534 “
305 1519 371 1563 mae
397 1492 443 1564 rei
463 1492 653 1588 periculum
669 1489 827 1564 faceret.'’
877 1490 932 1563 Eo
953 1490 1103 1585 rapidius
1129 1490 1226 1563 Ceri·

257 1610 332 1698 alis,
353 1610 454 1682 millis
471 1611 504 1681 in
523 1609 818 1698 Mediomatricos,
841 1610 901 1706 qui
927 1608 1082 1681 breviore
1103 1608 1227 1681 itinere

257 1728 410 1823 legiones
435 1728 470 1800 iu
488 1728 619 1799 hostem
637 1748 819 1814 verterent,
843 1728 1016 1799 contracto
1032 1728 1129 1823 quod
1152 1746 1226 1799 erat

256 1846 407 1919 militum
422 1846 652 1943 Mogontiaci,
664 1868 902 1943 quantumque
918 1845 1031 1918 secum
1046 1843 1224 1919 transvex-

257 1986 343 2053 erat,
368 1965 471 2037 tertiis
483 1964 597 2037 castris
613 1964 830 2061 Rigodulum
844 1963 961 2049 renit3
981 1990 1087 2061 quem
1104 1965 1224 2037 locum

258 2087 386 2179 maguti
413 2086 643 2155 'l'reveroruru
670 2108 788 2171 uranu,
816 2083 1014 2155 Valentinus
1043 2080 1225 2171 insederat,

260 2201 437 2273 montibus
454 2220 511 2272 aut
528 2200 673 2273 Mosella
689 2226 789 2273 amne
812 2200 968 2298 septum:
994 2204 1026 2273 δι
1044 2201 1227 2275 addiderat

257 2316 370 2404 follirs,
388 2317 569 2414 obicesque
585 2318 755 2391 saxorum.
789 2322 865 2391 Nec
881 2320 1072 2391 deterruere
1089 2344 1130 2391 ea
1147 2344 1225 2391 mu·

260 2435 413 2507 nimenta
442 2439 645 2508 Romanum
676 2438 817 2525 ducem,
853 2438 1040 2533 quominus
1074 2438 1230 2531 peditem

261 2577 477 2648 perrumpere
488 2550 635 2647 juberet,
663 2555 820 2651 equitum
839 2555 948 2627 aciem
968 2554 1004 2625 in
1016 2555 1144 2626 collem
1160 2554 1228 2627 eri·

261 2691 367 2767 geret,
393 2670 505 2766 spreto
521 2673 630 2761 hoste,
657 2699 761 2769 quem
778 2694 906 2745 temere
920 2674 1116 2763 collectum,
1133 2675 1230 2747 haud

262 2790 308 2861 ira
337 2790 414 2861 loco
433 2788 560 2885 jurari,
587 2811 624 2862 ut
640 2817 710 2863 non
736 2793 811 2886 plus
833 2791 898 2864 suis
923 2791 958 2861 in
981 2791 1108 2863 virtute
1128 2790 1230 2865 foret.

265 2911 420 2980 l’aullum
448 2934 551 2980 morae
576 2908 609 2979 in
631 2909 779 2998 ascensu,
807 2911 892 2981 tlurn
919 2909 1051 2981 rniffilia
1078 2910 1231 2985 hostium

264 3030 515 3122 praerehuntur.
564 3030 616 3098 Ut
643 3048 787 3099 ventum
818 3028 853 3099 in
883 3053 1016 3116 manus,
1045 3029 1234 3119 deturbati,

263 3148 369 3217 ruiuae
400 3149 519 3231 nrotlo,
555 3146 815 3239 praecipitantur.
866 3148 912 3216 Et
942 3171 1016 3241 pars
1056 3146 1234 3241 equitum,

263 3264 470 3359 retprioribus
485 3262 577 3359 jugis
595 3264 838 3351 circumvecta,
867 3264 1089 3335 nobilissimos
1106 3266 1233 3362 Belga-

263 3410 352 3467 rum,
380 3383 414 3452 in
432 3384 509 3477 quis
525 3384 650 3454 ducem
667 3382 901 3469 Valentinum,
930 3382 1032 3477 cepit.

313 3503 467 3573 LXXll.
494 3502 687 3573 Caularis
716 3501 849 3595 postero
872 3500 929 3571 die
947 3501 1117 3573 coloniam
1139 3502 1233 3574 Tre·

265 3644 425 3690 verorum
444 3618 610 3715 ingrellirs
628 3620 688 3707 ert,
714 3620 817 3690 avido
835 3619 942 3691 milite
966 3621 1125 3692 eruendae
1144 3618 1235 3692 civi-

263 3736 363 3807 tatis:
393 3744 418 3777 “
436 3739 540 3808 Hane
559 3739 623 3808 elle
636 3738 781 3825 Classici,
799 3741 885 3809 lunc
901 3739 1041 3810 Tutoris
1059 3736 1233 3832 patriam:

267 3862 292 3897 “
311 3856 438 3926 horum
456 3852 577 3928 scelere
594 3855 719 3928 clausas
741 3856 904 3953 caesasque
922 3856 1084 3953 legiones.
1134 3856 1234 3951 Qrid
