3000 5144
329 538 395 626 148
557 533 599 606 C.
631 532 906 606 Cossuran
941 528 1144 605 Tncrrr

329 706 513 780 diatoriam
537 707 705 806 saginam,
724 705 914 780 dividebat.
965 705 1013 776 Et
1039 698 1142 776 effusa
1171 699 1304 797 plebes,

328 827 409 900 totis
438 824 470 899 se
488 826 600 899 castris
617 824 809 900 miscuerat.
858 820 1049 895 lncuriolos
1064 819 1204 909 milites,
1230 843 1306 893 ver·

331 947 467 1033 nacula,
502 965 539 1018 ut
569 948 744 1032 rebantur,
775 941 978 1030 urbanitate,
1005 940 1149 1038 quidam
1181 937 1306 1036 spolia·

332 1063 428 1150 vere,
447 1061 578 1137 abscisis
595 1061 715 1136 furtim
733 1061 866 1150 balteis,
894 1068 923 1104 “
940 1085 985 1133 an
1006 1058 1150 1132 accindi
1168 1056 1307 1130 lorent'’

328 1180 528 1279 rogitantes.
577 1184 663 1254 Non
685 1180 765 1254 tulit
790 1177 981 1254 ludibrium
1008 1176 1153 1251 insolens
1181 1197 1305 1251 contu·

330 1301 443 1374 meliae
471 1301 630 1374 animus:
658 1300 825 1373 inermem
853 1299 1024 1395 populum
1054 1295 1178 1394 gladiis
1209 1296 1307 1369 inva-

329 1422 419 1493 sere:
450 1419 554 1494 caesus
582 1420 669 1494 inter
695 1419 779 1492 alios
806 1440 901 1516 pater
927 1415 1058 1505 militis,
1080 1415 1162 1488 cum
1194 1413 1307 1489 filium

330 1539 567 1629 comitaretur,
602 1538 728 1611 deinde
760 1537 917 1635 agnitus3
952 1541 986 1608 δι
1019 1536 1161 1632 vulgata
1193 1532 1305 1625 eaede,

330 1678 559 1754 temperatum
581 1660 626 1731 ab
654 1657 815 1730 innoxiis.
864 1658 906 1729 In
929 1658 1030 1729 Urbe
1057 1675 1175 1727 tamen
1203 1653 1307 1751 trepi-

328 1776 465 1865 datum,
492 1776 777 1873 praecurrentibus
802 1774 920 1872 paffim
946 1774 1126 1847 militibus.
1175 1775 1308 1848 Forum

330 1894 484 1967 maxime
503 1899 680 1993 petebant,
706 1896 868 1993 cupidine
886 1893 1015 1968 visendi
1031 1896 1162 1983 locum,
1180 1893 1216 1966 in
1234 1920 1307 1992 quo

329 2015 444 2087 Galba
464 2013 633 2111 jacuisset.
683 2018 761 2090 Nec
783 2015 897 2088 minus
918 2013 1047 2087 saevum
1074 2013 1306 2110 speetaculum

328 2153 424 2207 erant
449 2134 523 2230 ipfi,
552 2134 659 2233 tergis
681 2132 828 2208 ferarum
848 2137 882 2207 δι
907 2132 1106 2230 ingentibus
1130 2132 1206 2207 telis
1224 2134 1305 2205 hor·

328 2272 452 2340 rentes,
476 2253 557 2324 clim
583 2255 722 2327 turbam
750 2252 870 2349 populi
896 2277 958 2349 per
987 2249 1155 2324 inscitiam
1185 2276 1307 2348 patum

329 2368 489 2457 vitarent,
512 2391 569 2442 aut
586 2371 647 2444 ubi
674 2370 808 2444 lubrico
825 2369 906 2461 viae,
929 2372 986 2444 vel
1003 2370 1145 2445 occursu
1161 2367 1305 2468 alicujus

329 2487 565 2583 procidilsent,
597 2491 640 2563 ad
663 2488 837 2587 jurgium,
862 2515 947 2562 mox
972 2490 1016 2562 ad
1041 2494 1216 2565 manus&
1235 2487 1304 2562 fer-

326 2630 407 2680 rum
424 2611 608 2681 transirent.
659 2608 757 2706 Qsin
774 2607 951 2682 &tribuni
970 2607 1202 2706 praefeelique,
1221 2634 1303 2685 cum

326 2744 452 2799 terrore
469 2732 502 2799 δι
527 2748 736 2801 armatorum
753 2727 896 2802 catervis
913 2727 1114 2801 volitabant.

372 2848 585 2919 LXXXIX.
610 2849 695 2919 Issa
737 2846 908 2937 Vitellius,
950 2871 971 2920 a
1012 2850 1125 2920 Ponte
1156 2847 1301 2940 Milvio,

324 2964 446 3062 infigni
465 2991 572 3062 equo,
603 2967 782 3066 paludatus
800 2965 1054 3064 accinetusque,
1084 2965 1237 3042 senatum
1266 2974 1301 3044 δι

323 3087 493 3180 populum
512 3103 589 3156 ante
606 3083 639 3157 se
654 3110 774 3182 agens,
787 3083 991 3181 quominus,
1010 3106 1048 3158 ut
1062 3108 1214 3183 captam,
1228 3090 1301 3162 Ur.

323 3204 405 3275 bem
435 3202 685 3298 ingrederetur,
715 3202 909 3276 amicorum
935 3204 1077 3277 consilio
1102 3206 1299 3298 deterritus,

321 3320 457 3417 sumpta
490 3324 655 3417 praetexta
680 3327 714 3395 &
743 3325 934 3418 composito
966 3322 1120 3418 agmine,
1155 3325 1297 3400 inceffit.

320 3444 480 3538 Qatuor
508 3442 686 3538 legionum
714 3440 837 3538 aquilae
866 3466 929 3537 per
953 3439 1116 3531 frontem,
1137 3414 1300 3518 totidem-

321 3585 390 3655 que
416 3560 505 3632 circa
531 3585 549 3630 e
577 3558 772 3656 legionibus
799 3559 874 3631 aliis
896 3560 1037 3649 vexilla,
1064 3585 1148 3635 mox
1165 3564 1299 3638 duode-

322 3678 392 3755 cim
410 3681 542 3750 alarum
561 3681 667 3776 figna,
687 3682 720 3753 δι
740 3677 816 3773 post
832 3677 990 3773 peditum
1003 3681 1155 3771 ordines,
1173 3707 1296 3780 eques:

321 3797 403 3871 dein
422 3817 568 3893 quatuor
586 3800 619 3867 δι
636 3794 777 3892 triginta
792 3796 966 3887 cohortes,
992 3819 1031 3870 ut
1048 3799 1191 3872 nomina
1212 3827 1296 3900 gen·

316 3914 418 4007 tium,
436 3936 495 3989 aut
511 3913 638 4011 species
655 3937 832 3990 armorum
843 3913 968 4009 forent,
980 3916 1146 3995 discretae.
1196 3926 1292 3997 Ante
