3000 5144
397 542 785 616 Hrssoa1anutu
822 545 930 616 Lts.
970 546 998 616 I.
1122 567 1166 644 27

203 724 233 762 “
249 735 289 791 ut
313 715 373 814 qui
389 717 541 790 adversas
565 746 615 793 res
638 739 811 818 expertus,
835 721 917 794 cbm
934 718 1085 792 maxime
1102 717 1169 791 dis-

205 845 233 880 “
251 861 343 924 cam,
390 860 434 907 ne
461 833 625 911 secundas
657 839 800 935 quidem
827 838 942 911 minus
970 835 1174 910 discriminis

202 962 230 998 “
247 956 397 1027 habere:
423 941 540 1051 patris,
561 961 594 1029 δι
618 956 763 1045 senatus,
782 960 815 1028 &
833 955 933 1051 ipsus
949 954 1095 1051 imperii,
1120 954 1172 1026 vi·

203 1079 230 1118 ‘⁴
248 1096 325 1146 cem
341 1073 458 1160 doleo,
469 1077 499 1177 sr
515 1073 630 1163 nobis,
644 1093 702 1146 aut
715 1072 824 1169 perire
840 1073 945 1145 hodie
962 1075 1093 1146 necesse
1110 1073 1172 1161 est,

202 1195 229 1233 “
247 1211 319 1280 aut,
338 1193 435 1287 quod
458 1191 556 1288 aeque
576 1194 669 1288 apud
687 1195 797 1263 bonos
814 1189 975 1264 miserum
997 1191 1060 1279 est,
1078 1189 1172 1264 occi-

203 1317 230 1354 “
249 1311 342 1381 dere.
397 1308 563 1382 Solarium
580 1310 731 1406 proximi
749 1311 863 1382 motbs
879 1311 1105 1399 habebamus,
1121 1310 1173 1381 in·

204 1433 232 1470 “
251 1445 429 1500 cruentam
447 1431 596 1518 Urbem,
627 1433 730 1501 &res
755 1432 822 1500 fine
844 1427 1010 1501 discordis
1038 1431 1173 1500 transla-

205 1553 232 1588 “
250 1564 312 1618 tas.
362 1545 539 1619 Provisum
555 1546 744 1643 adoptione
759 1547 953 1636 videbatur,
971 1566 1011 1620 ut
1033 1573 1077 1620 ne
1100 1547 1175 1643 post

204 1671 232 1707 “
250 1667 399 1738 Galbam
417 1663 559 1761 quidem
584 1665 676 1737 bello
697 1666 794 1736 locus
819 1666 935 1737 esset.''
1102 1740 1106 1749 ,

251 1784 370 1856 XXX.
397 1790 424 1824 “
444 1785 575 1855 Nrura
593 1784 771 1880 adrogabo
795 1783 881 1855 mihi
899 1785 1099 1875 nobilitatis,
1117 1804 1175 1860 aut

206 1907 235 1943 “
253 1900 455 1973 modestiae:
500 1926 613 1997 neque
653 1901 744 1973 enim
782 1903 889 1974 relatu
924 1902 1117 1993 virtutum,
1139 1903 1174 1981 in

206 2018 507 2116 “comparatione
528 2018 692 2108 Othonis,
710 2045 798 2115 opus
814 2019 872 2091 est.
922 2019 1028 2110 Vitia,
1048 2022 1174 2118 quibus

205 2136 327 2210 “solis
357 2137 536 2237 gloriatur,
562 2141 712 2210 evertere
736 2137 935 2232 imperium,
957 2138 1061 2213 etiam
1092 2140 1176 2213 clam

197 2261 232 2298 ·“
249 2255 401 2330 amicum
427 2254 644 2354 Imperatoris
669 2276 796 2352 ageret.
849 2255 1032 2330 Habitune
1061 2261 1095 2330 δε
1123 2258 1175 2331 in·

202 2379 231 2417 “
249 2377 355 2466 celsu,
380 2401 425 2448 an
455 2375 514 2447 illo
541 2374 699 2449 muliebri
727 2395 863 2463 omatu‚
900 2396 1083 2449 mereretur
1108 2376 1175 2450 im·

206 2499 234 2536 “
253 2492 417 2590 perium?
468 2495 662 2583 Falluntur,
689 2493 815 2589 quibus
841 2493 978 2566 luxuria
1002 2494 1112 2591 specie
1133 2495 1174 2568 li·

204 2618 232 2654 “
250 2611 432 2686 beralitatis
460 2612 620 2709 imponit.
667 2613 815 2684 Perdere
841 2611 901 2685 iste
922 2611 1016 2702 sciet,
1045 2615 1175 2687 donare

206 2737 235 2773 “
251 2730 386 2804 nesciet.
433 2732 556 2827 Stupra
583 2756 693 2819 nunc,
717 2734 750 2802 a
774 2732 1044 2822 comessationes,
1072 2738 1105 2806 &
1124 2733 1174 2806 fe·

207 2854 234 2900 -“
252 2849 423 2923 minarum
456 2869 579 2938 coetus,
615 2848 727 2921 volvit
757 2849 899 2923 animo:
938 2854 1014 2924 haec
1042 2850 1174 2924 Princi·

207 2974 235 3010 “
255 2969 353 3065 patbs
377 2968 517 3064 praemia
541 2987 656 3064 putat3
683 2992 833 3063 quorum
850 2969 959 3042 libido
985 2995 1025 3042 ac
1050 2971 1174 3066 volup-

205 3094 300 3159 “tas
335 3112 437 3183 penes
469 3085 578 3183 ipsum
605 3091 656 3175 stt,
694 3091 800 3159 rubor
828 3114 868 3161 ac
896 3090 1046 3162 dedecus
1071 3115 1175 3185 penes

209 3213 236 3248 “
255 3231 385 3277 omnes.
434 3206 552 3277 Nemo
576 3204 670 3276 enim
695 3230 863 3301 umquam
888 3206 1087 3303 imperium,
1114 3211 1175 3281 sla·

209 3330 238 3366 “
256 3322 342 3421 gitio
369 3326 562 3418 quaesrtum,
595 3322 695 3396 bonis
723 3324 851 3397 artibus
879 3325 1043 3397 exercuit.
1091 3328 1176 3399 Gal·

211 3448 239 3484 “
259 3445 342 3514 bam
359 3440 537 3514 consensus
552 3442 682 3540 generis
699 3443 855 3532 humani,
874 3468 931 3515 me
948 3446 1074 3534 Galba,
1094 3469 1177 3516 con-

207 3568 233 3604 ‘⁴
250 3558 470 3632 sentientibus
483 3561 595 3648 vobis,
613 3559 779 3632 Caesarem
792 3560 890 3633 dixit.
923 3562 957 3633 si
973 3560 1174 3657 respublica,

208 3686 237 3722 “
256 3683 289 3750 Sc
306 3678 451 3766 senatus,
470 3683 503 3750 a
530 3679 692 3774 populus,
717 3704 806 3750 vana
824 3680 963 3752 nomina
979 3679 1078 3753 sunt:
1102 3681 1175 3755 ves·

209 3804 236 3847 ⁶‘
254 3799 317 3887 trel,
335 3796 604 3884 commilitones,
622 3796 771 3886 interest,
786 3823 829 3869 ne
846 3800 1090 3894 Imperatorem
1103 3801 1174 3897 pes-

213 3920 239 3967 “
259 3914 332 3988 limi
348 3911 484 3989 faciant.
533 3914 736 4012 Legionum
748 3906 870 3992 seditio
876 3918 1056 3992 adversitm
1071 3920 1176 3996 duces
