2978 5144
253 528 301 596 40
364 579 367 582 ,
462 501 505 572 C.
542 498 786 571 Connntrr
822 495 1004 568 Tncrrr

255 675 350 744 berat
374 668 432 741 illa
460 668 668 742 admirabilis
696 668 914 766 eloquentia:
941 692 1056 764 neque
1086 673 1251 743 oratoris

254 790 309 860 vis
327 794 360 861 δι
378 789 535 876 facultas,
561 790 645 859 ficut
662 809 850 861 ceterarum
870 813 998 876 rerum,
1025 789 1189 884 angustis
1210 795 1250 861 δι

254 908 418 980 brevibus
439 906 590 978 terminis
607 907 780 978 cluditur:
807 907 865 979 sed
888 907 916 979 is
940 906 989 977 est
1010 926 1149 996 orator,
1178 907 1248 1004 qui

253 1027 299 1098 de
312 1027 408 1099 omni
425 1025 609 1123 quaestione
632 1025 790 1121 pulchre,
817 1032 851 1099 δι
867 1027 998 1113 ornate,
1028 1031 1063 1097 δι
1088 1028 1139 1098 ad
1157 1053 1245 1123 per-

254 1143 468 1217 suadendum
494 1144 573 1239 apte
599 1143 726 1231 dicere,
753 1169 817 1239 pro
841 1144 1009 1241 dignitate
1025 1169 1163 1234 rerum,
1190 1145 1244 1217 ad

254 1262 437 1337 utilitatem
453 1282 666 1359 temporum,
693 1288 775 1335 cum
799 1263 980 1359 voluptate
1008 1262 1240 1336 audientium

253 1384 363 1478 pollrt.

302 1502 439 1573 XXXI.
477 1503 577 1574 Hrnc
615 1502 675 1574 fibi
711 1499 760 1571 illi
794 1521 922 1572 veteres
955 1499 1235 1596 persuadebant:

255 1620 300 1691 ad
334 1620 409 1690 haec
441 1620 619 1692 efficienda
647 1619 885 1715 intelligebant
918 1644 1005 1714 opus
1037 1620 1119 1707 esse,
1159 1645 1236 1692 non

253 1758 292 1809 ut
326 1740 500 1809 rhetorum
532 1737 653 1809 scholis
681 1739 929 1825 declamarent,
968 1762 1031 1809 nec
1060 1757 1099 1809 ut
1124 1739 1233 1828 fictis,

254 1882 318 1929 nec
341 1857 415 1927 ullo
433 1858 540 1928 modo
553 1858 597 1928 ad
611 1857 789 1929 veritatem
811 1854 1066 1944 accedentibus,
1085 1877 1232 1929 contro-

254 1975 368 2048 verfiis
401 1975 555 2072 linguam
583 1975 692 2047 modo
720 1979 753 2047 ὃ(
790 2000 914 2047 vocem
941 1992 1153 2063 exercerent,
1173 1974 1232 2047 sed

253 2093 370 2166 uthis
402 2095 529 2165 artibus
562 2096 679 2189 pectus
710 2093 907 2187 implerent,
949 2092 985 2163 in
1019 2092 1148 2189 quibus
1182 2093 1231 2165 de

253 2211 354 2283 bonis
381 2235 422 2281 ac
450 2211 561 2299 malis,
587 2211 631 2282 de
655 2211 797 2283 honesto
814 2237 854 2284 ac
878 2210 984 2307 turpi,
1009 2212 1055 2283 de
1068 2209 1163 2307 justo
1192 2212 1231 2282 δι

253 2328 375 2424 injusto
392 2327 590 2423 disputatur.
640 2332 733 2401 Haec
750 2331 844 2402 enim
867 2330 916 2403 est
940 2330 1062 2402 oratori
1080 2330 1233 2426 subjecta

253 2449 297 2520 ad
321 2446 511 2517 dicendum
536 2447 688 2519 materia.
738 2450 834 2520 Nam
862 2449 898 2520 in
921 2446 1059 2546 judiciis
1084 2446 1155 2520 sere
1184 2450 1232 2522 de

254 2565 427 2662 aequitate,
445 2564 482 2635 in
493 2565 798 2639 deliberationibus
810 2567 854 2639 de
870 2567 1046 2639 honestate
1062 2565 1230 2656 dicimus,

255 2684 303 2756 ita
320 2705 358 2757 ut
377 2685 579 2780 plerumque
596 2686 670 2756 haec
688 2685 760 2779 ipsa
773 2685 919 2757 invicem
937 2685 1164 2757 misceantur:
1183 2687 1231 2758 de

255 2806 382 2901 quibus
411 2803 564 2898 copiose,
593 2804 756 2890 &varie
785 2808 818 2875 δε
848 2805 965 2876 ornate
990 2829 1094 2876 nemo
1115 2803 1231 2877 dicere

254 2925 379 3021 potest,
399 2923 456 2993 nisr
471 2922 530 3017 qui
549 2923 710 3018 cognovit
724 2942 879 2994 naturam
892 2925 1094 3012 humanam,
1109 2924 1229 2998 &vim

254 3044 437 3128 virtutum,
468 3040 739 3136 pravitatemque
757 3041 936 3130 vitiorum,
964 3042 1228 3116 &intellectum

255 3188 391 3248 eorum,
405 3184 481 3254 quae
496 3184 557 3229 nec
572 3158 606 3229 in
620 3158 813 3247 virtutibus,
827 3185 940 3256 neque
953 3160 987 3232 in
1002 3161 1092 3232 vitiis
1104 3186 1228 3234 nume·

255 3300 384 3353 rantur.
441 3280 496 3348 Ex
522 3275 574 3347 his
598 3275 751 3348 sontibus
776 3277 878 3350 ctiam
897 3278 953 3351 illa
970 3283 1160 3375 profluunt,
1187 3303 1228 3356 ut

255 3397 388 3472 facilius
407 3396 492 3468 iram
505 3393 631 3490 judicis
649 3396 704 3466 vel
722 3395 871 3492 instiget,
887 3399 943 3468 vel
960 3397 1074 3490 leniat,
1089 3400 1149 3496 qui
1168 3400 1228 3474 scit

259 3519 345 3616 quid
374 3516 446 3599 ira;
487 3513 678 3609 promptiits
710 3515 754 3585 ad
780 3515 1030 3588 miserationem
1057 3520 1226 3614 impellat,

254 3636 315 3734 qui
347 3633 404 3706 scit
438 3632 522 3727 quid
556 3634 593 3702 stt
624 3631 867 3722 misericordia,
904 3640 936 3707 δι
964 3636 1088 3732 quibus
1121 3636 1227 3708 animi

255 3755 405 3828 motibus
416 3750 614 3824 concitetur.
655 3752 696 3821 ln
709 3751 760 3823 his
771 3753 900 3825 artibus
916 3753 1228 3827 exercitationibus-

254 3870 491 3969 queversatus
515 3889 640 3961 orator,
667 3872 734 3943 sive
760 3872 854 3969 apud
869 3872 1021 3965 infestos,
1042 3876 1108 3946 sive
1131 3874 1228 3970 apud
