2978 5144
341 569 388 646 50
565 544 1132 620 C.ConnnnrrTacrrr

344 745 424 817 quae
440 717 569 792 saciliirs
586 718 730 790 turbidis
748 723 781 792 δι
799 717 962 813 inquietis
978 715 1194 813 temporibus
1215 715 1322 789 exsti·

344 839 397 912 tit.
444 838 534 935 Qis
554 836 689 934 ignorat
704 838 818 911 utilius
840 862 880 912 ac
906 837 1027 910 melius
1044 838 1109 909 else
1133 835 1199 908 frui
1217 859 1321 932 pace,

343 957 452 1054 quam
469 959 561 1029 bello
579 956 720 1030 vexari?
772 958 891 1029 Plures
918 978 1034 1029 tamen
1051 958 1162 1028 bonos
1178 952 1320 1050 proelia-

341 1093 430 1150 tores
447 1077 550 1165 bella,
582 1077 690 1172 quiam
708 1102 777 1172 pax
794 1074 918 1148 serunt.
968 1073 1094 1146 Similis
1111 1069 1321 1168 eloquentiae

341 1193 509 1268 conditio.
558 1196 653 1266 Nam
681 1194 752 1290 quo
780 1194 899 1291 saepiirs
926 1192 1053 1266 steterit
1074 1211 1256 1287 tamquam
1283 1189 1323 1261 in

342 1312 429 1400 acie,
447 1311 589 1408 quoque
604 1314 768 1409 plures&
785 1313 937 1386 intulerit
952 1311 1052 1402 ierus,
1072 1315 1105 1384 δι
1130 1307 1319 1405 exceperit,

342 1431 416 1526 quo
432 1429 539 1526 major
555 1430 775 1520 adversarius,
803 1432 844 1503 eb
869 1431 991 1519 acrior,
1017 1428 1078 1527 qui
1105 1453 1238 1525 pugnas
1256 1426 1320 1500 fibi

341 1549 473 1645 asperas
490 1550 725 1649 desumpserit,
750 1551 847 1625 tanti)
874 1552 989 1640 altior,
1016 1551 1254 1632 &excellior3
1284 1547 1347 1620 δι’

289 1690 295 1705 ⁸
341 1666 409 1739 illis
431 1667 631 1743 nobilitatus
648 1671 862 1760 criminibus,
889 1670 1002 1743 inore
1027 1668 1212 1742 hominum
1228 1665 1318 1765 agit,

343 1813 494 1885 quorum
508 1814 548 1862 ea
564 1810 685 1862 natura
701 1789 763 1878 est,
776 1809 816 1862 ut
831 1787 946 1864 secura
962 1789 1083 1862 velint.

391 1909 600 1981 XXXVIII.
624 1909 814 1981 Tannsao
835 1909 879 1980 ad
903 1906 1052 1980 sormam
1080 1913 1115 1980 δι
1139 1905 1321 1980 consuetu·

341 2026 463 2100 dinem
485 2047 641 2100 veterum
656 2025 893 2124 judiciorum:
925 2053 1004 2122 quae
1020 2031 1079 2100 etfi
1096 2051 1189 2100 nunc
1206 2025 1322 2122 aptior

340 2144 389 2218 cll
405 2144 553 2233 veritati,
577 2145 814 2241 eloquentiam
831 2166 947 2218 tamen
963 2145 1050 2218 illud
1074 2143 1190 2218 forum
1206 2142 1322 2240 magis

340 2264 536 2352 exercebat,
570 2261 705 2358 inquo
729 2287 834 2335 nemo
856 2263 945 2337 intra
972 2264 1187 2360 paucissimas
1215 2264 1320 2334 horas

341 2405 497 2476 perorare
531 2383 733 2475 cogebatur,
770 2380 949 2455 &liberae
982 2380 1322 2480 comperendinatio·

283 2496 284 2499 ’
339 2523 400 2570 nes
417 2516 524 2587 erant,
543 2502 575 2568 u
594 2498 742 2571 modum
758 2499 897 2574 dicendi
912 2500 971 2572 fibi
989 2500 1131 2598 quisque
1147 2499 1318 2589 sumebat,

341 2619 375 2695 δι
393 2641 556 2694 numerus
573 2621 686 2714 neque'
702 2618 837 2691 dierum
855 2644 968 2715 neque
978 2638 1201 2715 patronomm
1217 2617 1319 2691 finie-

340 2737 453 2813 batur.
502 2736 637 2809 Primus
661 2736 854 2834 hujusmodi
871 2737 990 2834 spatia,
1009 2738 1109 2811 tertio
1126 2737 1318 2828 consulatu,

340 2855 407 2931 Cn.
424 2855 609 2952 Pompeius
637 2856 832 2945 adstrinxit,
860 2855 1094 2953 imposuitque
1122 2855 1229 2928 veluti
1251 2854 1319 2929 fre-

224 3022 228 3029 ·
339 2999 404 3047 nos
420 2973 641 3070 eloquentiae,
666 2974 712 3047 ita
728 2994 858 3065 tamen,
877 2995 914 3047 ut
935 2978 1053 3049 omnia
1076 2975 1114 3046 in
1131 2973 1221 3064 soro,
1240 3000 1319 3047 om·

339 3093 397 3173 nia
414 3093 562 3191 legibus,
578 3093 695 3165 omnia
706 3094 797 3189 apud
816 3113 975 3189 praetores
989 3114 1203 3192 gererentur:
1223 3095 1320 3191 apud

340 3237 429 3307 quos
454 3209 583 3308 quanto
612 3209 741 3308 majora
765 3212 904 3309 negotia
931 3212 1017 3286 olim
1045 3213 1197 3286 exerceri
1222 3212 1320 3286 solita

340 3333 417 3418 sint,
452 3332 547 3425 quod
576 3328 685 3425 majus
711 3351 959 3428 argumentum
987 3332 1048 3422 est,
1082 3333 1190 3426 quim
1219 3331 1319 3428 qubd

339 3449 446 3522 causae
464 3449 744 3539 centumvirales,
767 3474 845 3543 quae
869 3476 963 3526 nunc
989 3450 1140 3547 primum
1158 3450 1319 3523 obtinent

339 3570 472 3657 Iocum,
490 3567 578 3640 adei)
602 3565 782 3664 splendore
799 3568 944 3642 aliorum
955 3566 1169 3664 judiciorum
1188 3572 1316 3642 obrue·

338 3690 480 3776 bantur,
497 3707 535 3759 ut
561 3711 673 3781 neque
689 3684 879 3775 Ciceronis,
898 3712 1012 3784 neque
1028 3686 1182 3776 Caesaris,
1200 3712 1317 3782 neque

339 3806 448 3895 Bruti,
474 3830 587 3901 neque
615 3803 733 3893 Coelii,
766 3829 879 3902 neque
912 3806 1024 3895 Calvi,
1060 3832 1131 3879 non
1163 3804 1317 3901 denique

338 3922 441 4008 ulliiis
468 3922 587 4020 magni
605 3921 747 4006 oratoris
769 3923 857 4006 liber
876 3927 971 4022 apud
989 3923 1224 4008 centumviros
1239 3923 1316 4001 dic-r
