3000 5144
430 607 837 682 Hisromnun
876 609 988 682 L1n.
1019 610 1065 682 V.
1164 592 1236 711 33'9

261 815 287 849 “
305 825 471 892 extrema,
487 785 523 877 ni
538 802 727 903 resipiscere
743 801 925 901 incipiant,
948 802 1096 879 &noxii
1113 803 1237 903 capitis

263 933 288 968 “
306 926 413 1022 poenit
430 923 669 1021 paenitenuam
687 922 890 997 fateantur.'’

310 1046 450 1119 XXVI.
476 1046 570 1116 Nou
596 1041 720 1116 fefellit
744 1041 896 1116 Civilem
919 1066 960 1117 ea
979 1041 1174 1131 inclinatio,
1200 1043 1239 1116 &

261 1161 450 1261 praevenire
467 1161 583 1236 statuit
590 1195 602 1249 3
627 1161 728 1260 super
749 1161 897 1235 taedium
921 1163 1108 1252 malorum,
1133 1164 1241 1240 etiam

262 1283 320 1381 spe
338 1284 433 1370 vitae,
459 1308 538 1379 quae
554 1283 763 1380 plerumque
786 1307 933 1379 magnos
957 1280 1095 1356 animos
1115 1282 1240 1359 infrin-

263 1403 327 1503 git.
367 1401 484 1476 Petito
501 1399 706 1499 conloquio,
725 1399 892 1475 scinditur
908 1398 1066 1474 Nabaliae
1082 1403 1240 1480 fluminis

263 1549 352 1620 pons
361 1556 373 1610 3
400 1521 438 1595 in
454 1522 553 1617 cujus
568 1524 715 1617 abrupta
730 1522 893 1618 progreffi
909 1521 1036 1594 duces:
1063 1526 1097 1595 &
1115 1521 1242 1598 Civilis

264 1642 313 1717 ita
326 1642 455 1741 coepit:
483 1651 507 1683 “
526 1639 563 1715 Si
580 1641 673 1736 apud
693 1638 827 1714 Vitellii
845 1641 999 1738 legatum
1022 1639 1239 1730 defenderer,

264 1772 289 1807 “
308 1787 421 1859 neque
438 1760 531 1836 sacto
549 1786 631 1834 meo
646 1759 761 1847 venia,
779 1785 894 1858 neque
911 1759 1015 1834 dictis
1032 1761 1119 1834 fides
1133 1762 1241 1835 debe·

265 1889 291 1925 “
310 1886 423 1957 batur.
467 1882 607 1954 Cuncta
621 1879 712 1953 inter
727 1905 790 1953 nos
804 1878 962 1967 inimica,
976 1880 1126 1968 hostilia,
1139 1885 1185 1956 ab
1199 1881 1241 1956 il·

265 2013 290 2048 “
308 2004 344 2076 lo
358 2023 488 2100 crepta,
505 2027 596 2074 ame
613 1999 714 2074 aucta
728 2020 835 2073 erant.
887 2002 982 2099 Erga
998 1998 1242 2099 Vespasianum

263 2133 289 2166 ‘⁶
307 2144 406 2197 vetus
428 2119 518 2195 mihi
544 2117 779 2194 observantia:
806 2123 855 2206 δι,
874 2119 957 2193 cum
974 2119 1128 2218 privatus
1145 2123 1240 2210 esset,

265 2240 415 2317 “amici
445 2243 669 2315 vocabamur.
719 2238 805 2312 Hoc
835 2236 957 2313 Primo
987 2237 1147 2316 Antonio
1178 2265 1242 2315 no-

266 2370 292 2405 “
312 2382 404 2448 tum,
430 2361 531 2456 cujus
548 2358 700 2457 epistolis
726 2359 771 2431 ad
789 2360 925 2433 bellum
941 2360 1072 2435 accitus
1088 2357 1179 2449 sum,
1197 2386 1242 2436 ne

267 2491 292 2527 “
312 2478 533 2555 Germanicae
550 2477 704 2577 legiones
727 2481 762 2551 δι
786 2478 924 2553 Gallica
942 2480 1110 2576 juventus
1132 2481 1242 2578 Alpes

266 2610 291 2645 “
310 2597 577 2672 transcenderet.
626 2602 718 2698 Qtae
745 2598 924 2672 Antonius
946 2599 1112 2696 epistolis,
1141 2602 1242 2676 Flac-

267 2728 293 2765 “
313 2745 374 2793 cus
390 2715 536 2814 praesens
553 2719 732 2804 monebat,
749 2741 845 2790 arma
861 2717 899 2790 in
917 2719 1108 2794 Germanis
1122 2720 1238 2796 movi:

267 2850 293 2882 “
312 2864 390 2935 quae
420 2836 615 2910 Mucianus
644 2835 681 2908 in
711 2834 822 2934 Syriit,
848 2835 1012 2934 Aponius
1037 2837 1075 2912 iu
1100 2841 1241 2927 Moefit,

266 2970 291 3006 “
311 2961 341 3032 F
343 2957 497 3035 lavianus
512 2956 549 3031 in
567 2954 791 3032 Pannonii&
806 3011 815 3029 .
829 3011 838 3031 .
853 3009 862 3029 .
