3000 5144
418 566 815 639 Hrsronrnnuna
857 565 1055 636 Lialn.
1154 590 1220 638 201

251 737 387 830 positus.
436 739 577 808 Laeturn
602 739 641 808 esa
668 735 810 809 victoria
835 736 1089 832 Vespasianum,
1114 759 1220 807 cunc·

250 852 291 924 tis
307 852 408 948 super
430 876 512 926 vota
529 854 727 942 fluentibus,
745 856 982 926 Cremonensis
1000 853 1111 949 proelii
1131 878 1220 926 nun·

248 970 315 1045 tius
347 971 385 1042 in
417 973 577 1068 AEgypto
613 971 820 1068 adsequitur.
890 971 944 1043 Ed
985 971 1222 1067 properantibs

249 1089 497 1163 Alexandriam
524 1090 650 1187 pergit,
682 1112 734 1179 ut,
762 1090 870 1162 fraslo
894 1089 1026 1162 Vitellii
1050 1090 1219 1178 exercitu,

248 1209 384 1281 Urbem
401 1234 541 1305 quoque
563 1230 711 1282 externa
739 1209 814 1304 opis
835 1209 991 1304 indigam
1008 1207 1099 1280 same
1117 1234 1219 1307 urge-

247 1347 307 1399 ret.
357 1329 523 1424 Namque
554 1332 587 1399 δι
616 1327 787 1416 Africam,
821 1329 945 1399 eodem
979 1328 1083 1400 latere
1106 1330 1217 1417 fitam,

247 1445 334 1516 terrzl
364 1446 520 1542 marique
550 1446 710 1518 invadere
743 1449 894 1541 parabat,
924 1448 1041 1517 clausis
1064 1471 1218 1519 annonae

247 1561 413 1651 subsidiis,
431 1565 583 1660 inopiam
608 1592 646 1637 ac
668 1563 870 1636 discordiam
890 1564 977 1637 hosti
994 1563 1154 1636 saslums.

296 1683 432 1754 XLIX.
459 1685 555 1755 Dum
585 1686 648 1756 hac
676 1683 781 1755 totius
805 1682 895 1755 orbis
918 1683 1120 1771 mutatione,
1146 1681 1217 1757 for-

245 1819 329 1872 tuna
345 1800 480 1896 imperii
497 1791 626 1891 transit,
652 1803 789 1875 Primus
807 1802 980 1874 Antonius
997 1827 1217 1898 nequaquam

247 1920 320 2015 pari
344 1920 538 1994 innocentia
567 1921 642 2018 post
660 1923 871 1996 Cremonam
900 1923 1041 2017 agebat;
1069 1920 1217 1997 satisfac·

238 2056 322 2113 tum
341 2041 433 2111 bello
446 2060 550 2127 ratus,
570 2046 603 2113 δι
621 2064 733 2114 cetera
750 2066 793 2113 ex
810 2039 901 2113 sacili
919 2066 927 2110 :
947 2038 1004 2112 seu
1020 2038 1163 2115 felicitas
1180 2040 1216 2113 in

246 2157 305 2227 tali
332 2157 472 2254 ingenio
497 2158 688 2248 avaritiam,
712 2158 918 2255 superbiam,
948 2179 1127 2255 ceteraque
1155 2185 1215 2233 oc-

245 2277 337 2349 culta
360 2278 450 2349 mala
465 2275 635 2372 patefecit.
684 2280 737 2349 Ut
754 2297 905 2373 captam,
931 2276 1065 2349 ltaliam
1087 2277 1215 2374 persul-

244 2415 340 2480 tare3
358 2416 397 2468 ut
413 2394 499 2484 suas,
518 2395 672 2492 legiones
689 2399 820 2480 colere;
844 2396 1006 2469 omnibus
1027 2395 1126 2467 distis
1143 2395 1215 2471 fac-

244 2513 354 2611 tisque
371 2513 444 2587 vim
469 2514 529 2586 sibi
546 2516 590 2587 ad
609 2516 797 2611 potentiam
814 2515 937 2587 struere
954 2543 962 2586 :
983 2534 1091 2611 utque
1108 2516 1214 2589 licen·

244 2632 290 2705 tia
314 2633 459 2705 militem
483 2634 664 2721 imbueret,
694 2633 949 2706 intersedorum
976 2634 1215 2708 centurionum
1290 2729 1294 2732 Δ

244 2752 379 2824 ordines
406 2752 598 2849 legionibus
625 2754 811 2825 offerebat:
842 2778 883 2824 eo
910 2751 1072 2848 suffragio
1102 2753 1213 2826 turbi-

244 2869 396 2942 dissimus
426 2870 569 2967 quisque
599 2871 747 2943 deledi:
778 2895 841 2942 nec
872 2868 970 2942 miles
1003 2870 1038 2941 in
1071 2871 1213 2944 arbitrio

243 2990 388 3076 ducum,
411 2988 467 3061 sed
496 2992 602 3062 duces
625 2990 761 3062 militari
783 2990 946 3063 violentia
978 2992 1211 3064 trahebantur.

243 3111 332 3204 Qrae
360 3106 526 3196 seditiosa,
558 3112 591 3179 &
620 3110 880 3204 corrumpendae
901 3107 1100 3206 disciplina,
1127 3135 1212 3183 mox

243 3227 278 3298 in
296 3228 448 3323 praedam
461 3230 626 3316 vertebat,
644 3227 730 3299 nihil
742 3229 985 3301 adventantem
1003 3228 1212 3302 Mucianum

188 3426 193 3436 ‚
242 3345 381 3434 veritus,
409 3347 505 3442 quod
530 3345 701 3419 exitiosius
729 3368 814 3436 erat,
838 3348 945 3443 quam
970 3347 1211 3442 Vespafianum

241 3463 410 3560 sprevisse.

286 3585 331 3654 L.
358 3585 553 3657 Caranum
572 3584 762 3681 propinquas
779 3585 905 3672 hieme,
932 3589 965 3656 &
987 3587 1209 3662 humentibus

240 3704 337 3781 Pado
353 3703 497 3798 campis,
524 3704 727 3798 expeditum
744 3729 869 3800 agmen
888 3704 1056 3775 incedere.
1105 3706 1210 3802 Signa

240 3821 434 3917 aquilaque
462 3821 654 3893 vidricium
683 3822 875 3918 legionum,
903 3821 1026 3896 milites
1060 3824 1208 3897 vulneri·

238 3940 302 4022 bus
319 3961 379 4018 aut
401 3960 500 4019 aetate
519 3964 653 4037 graves,
680 3940 833 4038 plerique
849 3940 953 4014 etiam
970 3940 1110 4045 integri,
1138 3945 1206 4021 Ve-
