3000 5144
434 531 824 606 Histonrnnuu
861 529 968 600 Lrn.
1006 528 1069 600 IV.
1167 548 1236 626 273

264 713 293 752 “
310 707 508 782 adulatione
519 726 716 805 tempomm
733 708 894 799 soedatos,
908 728 1146 798 exonerarent,
1160 736 1236 782 mo-

264 828 469 924 “dumque
500 826 647 923 publicis
677 827 836 923 impensis
865 827 1050 901 facerent.”
1099 829 1234 902 Reddi·

263 966 318 1019 tur
339 945 460 1018 Tertio
476 946 616 1039 Juliano
634 967 792 1041 praetura,
812 947 994 1042 postquam
1011 947 1169 1044 cognitus
1188 947 1235 1020 est

262 1066 307 1137 ad
325 1063 567 1160 Vespafianum
594 1064 794 1160 confugilse.
844 1066 979 1161 Gripho
1004 1069 1113 1137 bonor
1137 1092 1233 1138 man·

263 1187 312 1256 sit.
371 1183 498 1279 Repeti
532 1183 612 1254 inde
641 1183 877 1279 cognitionem
911 1183 1000 1256 inter
1032 1182 1235 1258 Musonium

263 1299 398 1375 Rufum
416 1307 450 1374 δι
468 1303 507 1372 P.
525 1303 684 1373 Celerem
702 1302 854 1396 placuit;
881 1301 1129 1400 damnatusque
1146 1305 1235 1398 pub·

263 1420 341 1510 lius,
357 1425 390 1493 dt
408 1421 525 1493 Sorani
543 1419 703 1493 manibus
719 1418 936 1493 satissastum.
985 1421 1129 1518 Insignis
1141 1423 1235 1493 Pub·

263 1538 329 1611 lica
345 1536 519 1611 severitate
534 1539 622 1626 dies,
649 1562 693 1609 ne
710 1538 873 1633 privatim
898 1539 1041 1635 quidem
1058 1540 1160 1611 laude
1177 1565 1233 1611 ca-

263 1657 349 1731 ruit:
379 1656 514 1753 justum
535 1655 707 1753 judicium
739 1657 890 1752 explesse
921 1656 1103 1731 Musonius
1137 1656 1235 1729 vide·

263 1778 374 1849 batur.
423 1774 569 1848 Diversa
592 1774 685 1847 fama
701 1775 896 1864 Demetri0,
922 1775 1092 1871 Cynicam
1109 1773 1235 1848 sestam

264 1891 425 1990 proseffo,
440 1895 535 1991 quod
549 1892 767 1966 manifestum
782 1918 879 1967 reum
891 1893 1113 1983 ambitiosius,
1127 1895 1236 1989 quarn

262 2013 447 2102 honestibs,
471 2012 683 2084 defendisset.
731 2014 797 2109 lpfi
821 2012 945 2085 Publio
971 2036 1084 2108 neque
1100 2013 1235 2084 animus

262 2131 299 2204 in
316 2130 492 2228 periculis,
511 2156 624 2228 neque
639 2129 747 2203 oratio
765 2129 1004 2227 suppeditavit.
1052 2131 1159 2228 Signo
1182 2132 1234 2204 ul-

262 2249 365 2322 tionis
392 2249 427 2320 in
452 2248 660 2322 accusatores
684 2250 781 2338 dato,
807 2249 893 2344 petit
916 2246 1084 2322 aCaesare
1110 2250 1235 2343 Junius

263 2368 456 2456 Mauricus,
475 2375 503 2410 “
514 2388 552 2440 ut
563 2366 891 2442 commentariorum
903 2366 1150 2463 Principalium
1169 2394 1234 2464 po·

265 2494 292 2531 “
309 2486 465 2560 testatem
477 2486 604 2560 senatui
614 2486 752 2575 faceret,
772 2511 832 2583 per
850 2510 937 2582 quos
951 2484 1114 2574 nosceret,
1129 2512 1235 2583 quern

265 2603 454 2702 “quisque
484 2603 717 2677 accusandum
751 2602 991 2700 poposcisset.”
1057 2611 1083 2645 “
1101 2606 1234 2680 Consu·

265 2731 293 2768 “
309 2722 454 2795 lendum
470 2724 529 2796 tali
551 2723 651 2819 super
668 2749 702 2796 re
719 2722 953 2818 Principem,''
980 2719 1163 2817 respondit.

310 2842 410 2916 XLI.
435 2844 630 2930 Senarus,
653 2840 895 2913 inchoantibus
920 2839 1142 2936 primoribus,
1168 2841 1232 2936 jus-

254 2961 443 3060 jurandum
462 2961 634 3056 concepit,
660 2985 732 3056 quo
748 2959 905 3032 certatim
922 2984 1042 3032 omnes
1060 2961 1235 3056 magistra·

262 3101 331 3172 tus,
354 3081 455 3154 ceteri
478 3100 516 3151 ut
544 3077 744 3151 sententiam
768 3080 990 3175 rogabantur,
1019 3080 1147 3152 “deos
1170 3079 1235 3153 tes·

263 3207 292 3250 ‘⁴
311 3201 384 3272 tes’'
409 3198 644 3286 advocabant,
672 3204 699 3239 “
721 3197 806 3269 nihil
823 3222 891 3293 ope
914 3197 970 3270 sua
991 3195 1134 3285 sadum,
1162 3225 1235 3296 quo

264 3316 506 3415 “cujusquam
529 3316 614 3389 salus
632 3317 825 3403 laederetur,
852 3340 965 3411 neque
988 3316 1021 3386 se
1037 3317 1233 3411 praemium,

264 3446 370 3510 “aut
402 3438 584 3524 honorem,
611 3459 655 3507 ex
685 3433 876 3508 calamitate
899 3433 1029 3507 civium
1062 3435 1235 3529 cepiffe:''

263 3554 421 3651 trepidis,
449 3557 482 3625 ὃ(
508 3555 614 3626 verba
622 3550 843 3649 jurisjurandi
862 3578 921 3649 per
936 3553 1043 3625 varias
1059 3575 1147 3625 artes
1160 3579 1238 3629 mu·

263 3673 429 3761 tantibus,
456 3673 535 3768 quls
563 3671 683 3769 flagitii
707 3669 914 3744 conscientia
938 3671 1055 3743 inerat.
1104 3674 1236 3746 Proba-

265 3795 349 3866 bant
392 3790 593 3887 religionem
636 3810 762 3886 patres,
806 3788 992 3886 perjurium
1036 3792 1237 3885 arguebant.

266 3912 387 4012 anue
404 3912 499 3984 velut
524 3908 676 4002 censura,
701 3909 736 3981 in
755 3909 969 3987 Sariolenum
992 3910 1176 4000 Voculam,
1203 3915 1237 3988 δε

733 4027 769 4100 Τ
