3000 5144
447 576 1060 650 Hrsronrxnuqus.Il.
1178 600 1242 674 133

272 740 421 838 ginium,
450 746 562 818 omnis
583 746 702 821 seditio
724 746 920 822 infestavit:
951 750 1111 822 manebat
1131 749 1243 823 admi-

270 861 357 934 ratio
373 862 452 954 viri,
483 864 644 952 &fama3
669 865 726 939 sed
739 869 896 957 oderant,
919 887 956 939 ut
973 865 1122 940 fastiditi.
1270 866 1286 955 ’,

248 1009 251 1014 ·
319 983 456 1055 LXIX.
488 987 663 1059 Posrnno
692 988 762 1076 die,
787 988 957 1076 Vitellius,
986 986 1118 1059 senatus
1148 989 1241 1085 lega·

269 1098 377 1190 tione,
394 1123 500 1198 quam
517 1102 566 1177 ibi
583 1104 733 1201 opperiri
744 1104 896 1202 jusserat,
915 1105 1043 1194 auditl,
1066 1105 1244 1204 transgres-

271 1217 323 1291 sus
349 1219 383 1292 in
409 1221 527 1309 castra,
552 1224 644 1295 ultro
668 1230 695 1266 “
715 1224 876 1319 pietatem
903 1225 1077 1298 militum’'
1112 1226 1241 1297 collau-

271 1338 393 1411 davit:
424 1339 651 1415 frementibus
672 1342 819 1434 auxiliis,
848 1350 875 1386 “
899 1363 1033 1416 tantum
1057 1343 1241 1439 impunita-

272 1463 300 1497 “
318 1456 360 1530 tis
375 1479 480 1556 atque
495 1463 704 1559 adrogantiae
721 1462 916 1559 legionariis
933 1465 1134 1536 acceffiffe.”
1171 1463 1242 1535 Co·

269 1577 386 1651 hortes
403 1582 624 1669 Batavomm,
649 1607 693 1653 ne
709 1581 795 1679 quid
813 1582 1037 1655 truculentius
1061 1583 1240 1670 auderent,

264 1694 301 1768 in
318 1698 542 1771 Germaniam
568 1698 734 1784 remiffae3
765 1701 970 1798 principium
988 1702 1122 1773 interno
1140 1702 1238 1774 simul

268 1836 479 1914 externoque
503 1819 594 1890 bello
616 1819 815 1915 parantibus
844 1818 930 1893 fatis.
980 1820 1133 1894 Reddita
1155 1819 1240 1893 civi·

265 1935 391 2008 tatibus
409 1938 592 2010 Gallorum
609 1937 750 2026 auxilia,
777 1938 897 2035 ingens
913 1965 1090 2028 numerus,
1118 1946 1150 2011 &
1170 1938 1238 2035 pri·

262 2056 319 2126 ma
335 2054 448 2128 statim
464 2054 668 2144 defedione,
695 2056 782 2129 inter
796 2057 911 2132 inania
930 2057 1011 2131 belli
1024 2057 1236 2155 adsumptus.

266 2175 443 2267 Ceterum,
472 2197 510 2249 ut
547 2175 787 2273 largitionibus
820 2174 961 2250 adfeuae
989 2176 1065 2274 jam
1100 2176 1238 2272 imperii

262 2319 345 2390 opes
375 2293 579 2383 sufficerent,
614 2302 642 2337 ‘⁴
671 2297 840 2391 amputari
873 2298 1053 2395 legionum
1085 2298 1230 2372 auxilio·

265 2421 291 2456 “
309 2427 458 2512 rumque
474 2415 661 2487 numeros'’
680 2413 794 2512 jubet,
820 2415 933 2489 vetitis
965 2415 1234 2514 supplementis:

266 2538 299 2606 u
318 2533 519 2631 promiscua
537 2534 706 2607 missiones
722 2536 979 2608 offerebantur:
1010 2537 1184 2610 exitiabile
1201 2536 1238 2610 id

264 2654 478 2752 reipublicae,
493 2654 666 2752 ingratum
681 2654 795 2743 militi,
813 2654 868 2729 cui
881 2656 1002 2729 eadem
1015 2655 1134 2728 munia
1150 2655 1238 2728 inter

266 2800 408 2872 paucos,
424 2775 645 2872 periculaque
661 2801 700 2848 ac
715 2777 813 2847 labor
830 2775 980 2848 crebrius
997 2775 1152 2847 redibant
1169 2803 1178 2847 ι
1202 2779 1237 2849 &

264 2895 352 2967 vires
376 2896 461 2966 luxu
479 2896 805 2991 corrumpebantur,
831 2915 951 2967 contra
967 2915 1117 2966 veterem
1135 2893 1236 2967 disci·

264 3013 410 3108 plinam,
436 3012 639 3086 &instituta
655 3010 838 3109 majorum,
864 3015 957 3108 apud
984 3038 1070 3109 quos
1094 3012 1234 3104 virtute,

263 3133 369 3229 quam
394 3132 550 3228 pecunia,
574 3158 626 3205 res
643 3136 805 3204 Romana
825 3132 947 3205 melius
965 3133 1067 3206 stetit.

309 3253 427 3324 LXX.
454 3254 552 3323 luna
566 3250 724 3323 Vitellius
736 3252 945 3323 Cremonam
964 3251 1075 3341 flexit,
1095 3256 1128 3324 δι
1140 3250 1234 3348 spec·

261 3389 333 3444 tato
347 3394 489 3443 munere
499 3368 661 3460 Caecinae,
685 3368 831 3441 insistere
849 3370 1122 3445 Bebriacensrbus
1138 3397 1233 3444 cam-

259 3489 325 3587 pis,
352 3514 393 3562 ac
422 3490 565 3588 vestigia
591 3488 735 3562 recentis
764 3488 916 3560 vittoriae
943 3489 1081 3562 lustrare
1109 3490 1232 3581 oculis,

263 3609 476 3706 concupivit.
527 3610 678 3681 Foedum
699 3627 812 3704 atque
841 3627 939 3679 atrox
973 3606 1231 3703 spedaculum:

259 3727 349 3801 intra
363 3730 667 3826 quadragesimum
680 3753 806 3825 pugnae
823 3727 931 3815 diem,
951 3729 1058 3800 lacera
1074 3753 1231 3824 corpora,

260 3847 373 3920 trunci
401 3868 506 3936 artus,
532 3867 648 3943 putres
660 3837 817 3919 virorum
841 3871 1080 3942 equorumque
1097 3844 1231 3938 formae,

259 3965 384 4042 inferta
401 3968 482 4041 tabo
509 3967 651 4057 humus,
679 3965 828 4062 protritis
856 3965 1033 4040 arboribus
1051 3992 1101 4052 ac
1123 3966 1231 4068 frugi·

719 4085 752 4155 K
779 4109 799 4181 s
