3000 5144
424 629 817 702 Hrsrottrnttuu
852 625 962 697 er.
1000 625 1063 696 lV.
1161 645 1228 719 ²5¹

264 796 521 892 (transrhenana
537 825 621 897 gens
637 801 705 892 est)
731 800 876 873 duarum
902 798 1098 871 cohortium
1118 798 1231 871 hiber-

263 942 322 1006 na,
349 917 508 1013 proxima
537 939 722 1013 occupatu,
758 921 900 990 Oceano
928 916 1104 1011 inrumpit.
1153 918 1232 989 Nec

263 1036 492 1132 praeviderant
519 1035 692 1131 impetum
729 1035 879 1108 hostium
907 1033 1061 1119 milites;
1096 1059 1175 1123 nec,
1209 1037 1235 1106 sr

263 1153 509 1248 praevidissent,
524 1151 601 1225 satis
619 1153 744 1226 virium
760 1155 804 1225 ad
820 1153 1007 1226 arcendum
1024 1173 1108 1225 erat.
1140 1154 1233 1249 Cap·

263 1289 298 1342 ta
327 1270 432 1368 igitur
460 1275 493 1344 &
518 1271 653 1367 direpta
673 1272 802 1344 castra:
830 1271 910 1344 dein
939 1296 1062 1368 vagos,
1088 1276 1121 1343 δι
1141 1271 1236 1367 pacis

264 1389 375 1461 modo
391 1387 514 1462 effusos
530 1389 633 1477 lixas,
648 1387 942 1486 negotiatoresque
959 1392 1151 1477 Romnum,
1181 1388 1234 1459 in·

263 1508 406 1579 vadunt.
469 1507 578 1580 Simul
623 1507 765 1580 excidiis
816 1508 1030 1580 castellorum
1071 1506 1232 1580 immine·

263 1625 371 1710 bmt3
405 1653 484 1722 quae
514 1624 725 1722 apraesestis
756 1625 953 1699 cohortium
979 1625 1114 1701 incensa
1143 1623 1233 1714 sunt,

264 1741 346 1838 quia
376 1742 517 1816 defendi
549 1744 747 1840 nequibant.
808 1744 914 1842 Signa
951 1744 1161 1840 vexillaque,
1200 1748 1234 1816 δε

265 1862 361 1956 quod
380 1861 547 1952 militum,
572 1861 608 1933 in
636 1860 840 1958 superiorem
870 1862 986 1934 insula
1004 1883 1134 1959 partem
1151 1887 1235 1934 con·

267 2000 468 2076 gregantur,
494 1981 584 2052 duce
598 1980 754 2077 Aquilio,
775 1979 990 2077 primipilari,
1016 2006 1144 2053 nomen
1162 2007 1236 2053 ma·

267 2096 321 2192 gis
350 2098 536 2188 exercitiis,
561 2100 669 2194 quim
694 2101 809 2172 robur.
859 2098 1001 2195 Qippe
1025 2099 1156 2172 viribus
1176 2125 1236 2172 co·

264 2215 418 2289 hortium
444 2217 614 2304 abduslis,
640 2217 813 2306 Vitellius,
839 2243 859 2291 e
888 2218 1058 2314 proximis
1084 2217 1235 2291 Nervio-

263 2358 341 2406 rum
370 2337 696 2432 Germanorumque
734 2337 844 2435 pagis,
880 2335 1020 2434 segnem
1052 2363 1236 2411 nurnemm

264 2473 367 2525 armu
383 2473 597 2527 oneraverat.

312 2572 411 2643 XVl.
434 2574 591 2645 cmm
610 2573 695 2645 dolo
710 2575 928 2670 grallindum
944 2594 1049 2664 ratus,
1071 2572 1237 2647 incusavit

264 2689 356 2761 ultro
384 2689 575 2786 prefectos,
602 2699 628 2734 “
648 2692 743 2788 qubd
760 2693 897 2764 castella
917 2692 1146 2764 deseruissent.
1194 2695 1237 2766 Se

267 2815 294 2850 “
312 2833 393 2882 curn
409 2812 567 2899 cohorte,
584 2810 640 2885 cui
654 2831 809 2906 praerat,
825 2807 1088 2883 Canninesatem
1105 2814 1237 2884 tumul-

268 2933 296 2969 “
313 2946 391 3000 tum
411 2930 706 3024 compressurum:
734 2928 784 3002 illi
811 2926 1236 3026 suaquisquehibernare-

268 3052 296 3089 “
315 3048 503 3142 peterent.''
552 3050 690 3120 Subeffe
706 3046 862 3121 fraudem
881 3048 1033 3138 consilio,
1056 3052 1090 3119 δι
1107 3046 1236 3144 disper-

267 3163 317 3240 sas
328 3169 487 3238 cohortes
496 3163 627 3268 facilibs
638 3167 803 3262 opprimi,
816 3192 879 3239 nec
891 3168 1097 3239 Brinnonem
1110 3169 1237 3240 rlttcern

269 3281 340 3380 ejus
363 3284 459 3371 belli,
476 3270 702 3357 se'd'Civilem
715 3288 796 3375 effe,
818 3286 954 3381 patuit:
980 3287 1239 3382 erumpentibus

269 3403 447 3497 paullatim
462 3403 609 3493 indiciis,
635 3430 712 3500 quar
730 3403 909 3491 Germani,
940 3405 1016 3476 laeta
1032 3407 1124 3478 bello
1138 3431 1235 3503 gens,

268 3545 340 3593 non
367 3520 429 3594 diu
456 3523 725 3595 occultaverant.
774 3522 850 3595 Ubi
878 3521 1004 3594 insidia
1027 3549 1147 3619 parum
1168 3525 1237 3599 ces-

270 3641 354 3728 sere,
380 3641 426 3713 acl
450 3641 524 3714 rim
555 3641 787 3738 transgressus,
817 3639 1072 3731 Canninefates,
1101 3643 1236 3734 Frifios‚

270 3760 414 3832 Batavos
433 3759 576 3855 propriis
602 3758 718 3832 cuneis
741 3760 943 3856 componit:
973 3761 1101 3834 diresla
1118 3788 1162 3834 ex
1183 3765 1236 3836 ‹li-

270 3876 367 3949 verso
381 3876 487 3965 acies,
503 3879 595 3951 haud
615 3879 732 3974 procul
750 3903 771 3949 a
794 3879 938 3952 flumine
953 3882 1094 3970 Rheno,
1122 3887 1156 3955 te
1173 3886 1236 3956 ob-

268 3999 368 4070 vcrfis
395 3995 435 4069 in
448 3996 580 4070 hostem
603 3996 765 4088 naribus,
785 4023 885 4095 quas,
914 3994 1055 4074 incerrsu
1078 4001 1236 4093 castellis,
