3000 5144
263 556 331 630 106
477 544 1078 622 C.Conuar.11Tnc1r1

258 727 342 799 clim
367 724 475 796 duces
505 722 654 821 partium
684 719 847 810 Othonis,
879 715 1036 817 quamvis
1060 713 1234 791 uberriml

259 843 496 918 conviciorum
513 842 548 914 in
564 842 747 915 Vitellium
764 838 919 929 materis,
949 837 1168 911 abstinerent.
1226 866 1231 873 ·

307 965 446 1036 XXXI.
472 964 577 1035 Snus
595 981 675 1034 ante
691 958 864 1058 utriusque
881 958 1028 1047 exitum,
1048 981 1120 1053 quo
1133 978 1232 1052 egre·

258 1083 353 1184 giam
369 1083 466 1169 Otho
487 1081 627 1171 samam,
650 1080 809 1154 Vitellius
833 1064 1137 1176 flagitiosissimam,
1157 1098 1233 1146 me-

258 1205 369 1293 ruere,
406 1200 520 1274 minus
549 1200 680 1275 Vitellii
713 1200 849 1297 ignavae
882 1199 1090 1293 voluptates,
1123 1195 1235 1293 quam

258 1322 408 1397 Othonis
421 1320 684 1418 flagrantissimae
702 1317 861 1392 libidines
877 1316 1101 1390 timebantur.
1152 1313 1232 1387 Ad·

258 1442 390 1516 diderat
414 1440 496 1513 huic
513 1459 677 1513 terrorem
693 1458 797 1535 atque
820 1437 942 1510 odium
960 1437 1071 1509 caedes
1088 1434 1232 1519 Galbae;

259 1562 391 1649 contra,
417 1558 467 1631 illi
487 1557 623 1631 initium
641 1558 723 1631 belli
740 1583 845 1630 nemo
862 1556 1071 1652 imputabat.
1120 1553 1232 1626 Vitel-

259 1681 338 1768 lius,
365 1699 481 1752 ventre
506 1681 539 1750 δι
568 1678 650 1774 gula
672 1676 732 1750 fibi
757 1676 817 1773 ipsr
841 1675 969 1759 hostis;
994 1676 1105 1762 Oth0,
1130 1674 1234 1762 luxu,

258 1798 397 1887 saevitilr,
426 1796 579 1886 audacias,
607 1794 806 1893 reipublicae
830 1793 1004 1867 exitiosior
1026 1794 1234 1865 ducebatur.

259 1916 460 2015 Conjundis
477 1916 625 1990 Catinae
648 1941 688 1989 ac
705 1916 860 1988 Valentis
884 1911 1006 2010 copiis,
1031 1910 1125 1986 nulla
1142 1911 1235 1986 ultra
1278 1919 1282 1927 '

258 2061 362 2134 penes
378 2035 579 2108 Vitellianos
608 2060 719 2124 mora,
746 2033 832 2132 quin
860 2031 941 2104 totis
964 2029 1095 2106 viribus
1123 2048 1235 2102 certa-

259 2174 347 2226 rent.
396 2153 493 2225 Otho
518 2150 738 2243 consultavit,
769 2160 797 2195 “
815 2151 902 2224 trahi
924 2151 1072 2239 bellum,
1097 2174 1143 2221 an
1164 2148 1236 2222 sor-

259 2278 288 2315 “
306 2292 427 2345 tunam
440 2271 586 2367 experiri
598 2273 785 2368 placeret.”
825 2268 1118 2343 Tumsuetonius
1129 2268 1235 2340 Paul-
1312 2277 1314 2281 ’

259 2390 363 2480 linus,
381 2389 532 2486 dignum
549 2388 640 2463 sama
660 2388 716 2463 sua
734 2409 839 2480 ratus,
860 2391 930 2486 qual
947 2414 1052 2462 nemo
1068 2378 1127 2460 illa
1144 2407 1236 2460 tem·

259 2508 388 2606 pestate
413 2508 568 2581 militatis
596 2509 643 2581 rei
672 2508 830 2583 callidior
853 2510 1057 2597 habebatur,
1087 2507 1133 2579 de
1159 2525 1236 2578 toto

259 2651 385 2724 genere
411 2625 494 2698 belli
531 2627 663 2700 censere
670 2656 681 2713 ;
721 2634 748 2669 “
778 2625 1030 2701 festinationem
1062 2625 1232 2716 hostibus,

259 2752 287 2789 “
305 2771 438 2818 moram
453 2745 530 2842 ipfis
548 2745 693 2818 utilem''
714 2745 877 2819 disseruit.

306 2866 463 2938 XXXll.
491 2872 517 2905 “
538 2866 786 2938 Exnncrrum
803 2864 932 2937 Vitellii
949 2862 1148 2937 universum
1166 2865 1230 2937 ad·

258 2990 288 3027 “
305 2984 445 3071 veniffe,
471 3007 536 3056 nec
561 2986 712 3056 multum
731 2983 855 3056 virium
877 3009 897 3056 a
922 3004 1034 3081 tergo,
1062 2982 1232 3081 quoniam

259 3102 427 3174 “Gallia
451 3121 621 3191 tumeant,
652 3109 685 3176 δε
720 3101 871 3175 deserere
888 3102 1007 3176 Rheni
1030 3102 1156 3200 ripam,
1179 3103 1235 3175 in·

259 3226 286 3262 “
304 3219 450 3316 rupturis
473 3240 544 3292 tam
561 3220 686 3294 infestis
707 3221 918 3311 nationibus,
944 3248 1017 3295 non
1033 3224 1233 3301 conducat:

200 3429 201 3432 Ἴ
260 3338 537 3411 “Britannicum
564 3339 708 3412 militem
742 3341 839 3413 hoste
868 3345 901 3414 δι
936 3342 1021 3414 mari
1047 3342 1227 3415 distineri:

260 3461 286 3500 “
306 3456 489 3552 Hispanias
505 3461 606 3529 armis
624 3484 693 3531 non
710 3457 758 3531 ita
773 3460 990 3533 redundare:
1011 3461 1234 3558 provinciam

260 3575 565 3647 “Narbonensem
589 3575 721 3649 incursu
750 3579 855 3650 classis
880 3585 914 3650 ὃς
938 3577 1083 3652 adverso
1106 3581 1236 3677 proelio

262 3696 289 3731 “
308 3694 566 3764 contremuisse:
598 3693 746 3767 clausam
764 3697 931 3793 Alpibus,
958 3704 991 3771 ὅτ
1011 3702 1110 3772 nullo
1128 3700 1236 3773 maris

262 3811 289 3848 “
306 3806 463 3894 subfidio,
476 3813 756 3908 Transpadanam
770 3814 918 3906 Italiam,
929 3840 1035 3915 atque
1050 3816 1124 3915 ipso
1140 3839 1235 3891 tran.

263 3926 290 3968 ‘⁴
309 3924 370 4001 situ
394 3927 564 4005 exercitus
582 3931 729 4026 vastam:
761 3957 832 4012 non
849 3933 1068 4015 frumentum
1085 3937 1235 4036 usquam
