3000 5144
399 553 645 632 Drnroorrs
685 577 740 630 na
776 552 1100 635 Onnrorrrstrs.
1192 588 1237 662 19

260 729 357 806 mina
374 733 574 832 &pericula
591 734 647 809 sua
661 734 706 807 ad
720 731 913 808 consulatus
930 733 1124 807 evexerint:
1145 736 1238 810 malo

261 851 416 928 securum
434 852 647 927 &secretum
664 852 800 950 Virgilii
827 851 1003 942 secessum,
1031 853 1069 925 in
1094 880 1165 950 quo
1183 875 1235 929 ta·

261 996 344 1044 men
373 998 486 1069 neque
504 974 597 1068 apud
614 972 738 1045 divum
763 972 964 1068 Augustum
981 972 1088 1068 gratis
1113 974 1235 1066 caruit,

261 1115 375 1187 neque
403 1093 496 1187 apud
521 1092 692 1187 populum
710 1095 914 1163 Romanum
938 1090 1070 1162 noritis.
1118 1093 1237 1167 Testes

263 1209 415 1307 Augusti
439 1211 606 1305 epistolae,
633 1209 725 1281 testis
752 1206 822 1304 ipse
843 1210 1006 1306 populus,
1033 1209 1095 1305 qui
1111 1211 1239 1284 auditis

261 1327 300 1400 in
322 1329 457 1401 theatro
475 1331 625 1400 versibus
642 1326 792 1424 Virgilii,
818 1326 961 1399 surrexit
988 1328 1174 1419 universus,
1201 1335 1236 1403 δι

259 1445 349 1519 forte
375 1446 575 1545 praesentem
592 1445 872 1542 spedantemque
891 1446 1078 1543 Virgilium
1095 1473 1237 1523 venera·

262 1584 317 1638 tus
334 1566 398 1655 est,
425 1570 469 1639 fic
494 1568 587 1662 quast
605 1564 818 1660 Augustum.
867 1567 926 1637 Ne
948 1565 1071 1638 nostris
1095 1568 1239 1663 quidem

262 1684 490 1781 temporibus,
519 1685 697 1756 Secundus
714 1683 929 1778 Pomponius
955 1682 1042 1757 Afro
1063 1685 1239 1777 Domiti0,

261 1805 319 1877 t'rel
335 1805 506 1902 dignitate
523 1804 618 1893 vitae,
645 1804 701 1875 vcl
718 1801 943 1898 perpetuitate
959 1801 1073 1892 famae,
1098 1804 1238 1878 cefferit.

260 1923 358 1996 Nam
374 1922 515 2019 Crispus
544 1928 577 1996 δε
600 1922 801 2010 Marcellus,
829 1922 875 1993 ad
900 1947 1049 2018 quorum
1077 1925 1239 2018 exempla

263 2066 321 2114 me
346 2067 464 2132 vocas,
492 2042 578 2138 quid
607 2043 736 2113 habent
759 2039 796 2111 in
823 2042 888 2112 hac
913 2039 1070 2137 praesenti
1097 2039 1237 2117 fortun&

260 2160 604 2258 concupiscendum?
629 2157 726 2256 quod
751 2157 900 2231 timent?
927 2184 972 2231 an
989 2158 1086 2255 quod
1114 2160 1241 2234 timen-

262 2284 348 2353 tur?
386 2275 483 2377 qudd
509 2280 592 2352 cunr
626 2278 779 2375 quotidie
809 2277 941 2375 aliquid
975 2298 1152 2375 rogentur,
1187 2280 1239 2371 hi,

262 2399 389 2497 quibus
412 2399 586 2496 praestant,
612 2398 863 2496 indignantur?
892 2396 987 2494 qudd
1005 2397 1135 2495 alligati
1155 2424 1240 2474 curn

262 2517 474 2607 adulatione,
501 2543 564 2590 nec
590 2517 835 2613 imperantibus
857 2541 1028 2613 umquam
1051 2514 1127 2590 satis
1154 2517 1240 2591 servi

262 2637 437 2725 videntur,
463 2661 528 2709 nec
544 2635 645 2709 nobis
658 2634 734 2709 satis
753 2634 877 2708 liberi?
908 2639 998 2731 Qrae
1015 2636 1091 2707 haec
1103 2635 1238 2710 summa

263 2779 388 2828 eorum
415 2755 570 2852 potentia
596 2755 672 2826 est?
702 2773 841 2826 tantum
867 2757 960 2849 posse
986 2753 1099 2826 liberti
1116 2752 1237 2828 solent.

261 2876 328 2947 Me
343 2872 427 2947 verri
442 2876 575 2964 dulces,
599 2892 638 2946 ut
656 2871 817 2970 Virgilius
833 2871 893 2961 ait,
912 2869 1040 2959 Musae,
1062 2891 1239 2945 remotum

262 2992 598 3082 asollicitudinibus‚
629 2991 785 3081 Securis,
814 2993 1059 3065 &necessitate
1083 2989 1241 3086 quotidie

262 3111 396 3210 aliquid
413 3134 534 3186 contra
550 3111 707 3184 animum
725 3108 888 3201 faciendi,
912 3110 949 3182 in
966 3108 1024 3181 illa
1040 3108 1133 3181 sacra
1148 3109 1240 3182 illos-

265 3255 334 3328 que
351 3228 462 3304 fontes
479 3231 611 3305 ferant:
639 3256 702 3304 nec
727 3231 884 3304 insanum
911 3229 998 3302 ultra
1015 3232 1049 3301 &
1066 3224 1240 3303 lubricsim

264 3347 393 3439 forum,
434 3348 635 3446 famamque
658 3352 856 3446 pallentem,
883 3348 1037 3446 trepidus
1055 3347 1236 3444 experiar:

264 3494 338 3541 non
366 3493 423 3542 me
449 3467 604 3542 fremitus
632 3467 864 3558 salutantium,
906 3493 970 3541 nec
1001 3468 1163 3541 anhelans
1195 3465 1237 3538 li·
1265 3504 1268 3508 ·

263 3588 382 3661 bertus
408 3587 557 3661 excitet:
589 3613 653 3661 nec
676 3588 825 3661 incertus
850 3586 969 3678 futuri,
997 3585 1239 3659 testamentum

265 3730 330 3803 pro
358 3706 505 3804 pignore
537 3706 706 3780 scribam:
742 3732 806 3780 nec
832 3709 910 3804 plus
936 3709 1097 3794 habeam,
1131 3704 1240 3801 quam

265 3826 362 3922 quod
380 3828 516 3922 poffim,
541 3827 597 3900 cui
616 3827 737 3917 velim,
765 3827 972 3924 relinquere,
997 3823 1238 3922 quandocum-

266 3967 335 4040 que
351 3942 459 4018 fatalis
476 3947 509 4018 δι
527 3970 624 4020 meus
640 3946 713 4021 dies
729 3944 866 4019 veniet:
891 3946 1086 4041 statuarque
1101 3943 1240 4018 tumulo

753 4065 783 4136 C
809 4090 831 4137 2
