3000 5144
262 516 327 613 178
474 513 1075 589 C.Connnn11Tac1rr

259 686 346 758 mari
363 685 537 783 legiones:
569 689 689 760 datum
707 711 768 784 per
784 713 884 786 agros
900 693 1049 786 signum,
1075 704 1128 776 ut,
1160 685 1230 784 qud

259 805 385 900 cuique
409 806 623 900 proximum,
650 805 773 878 omissa
799 807 926 902 prada,
957 806 1082 902 proeIio
1108 831 1229 879 occur-

261 943 381 1016 rerent.
440 923 589 995 Pavidus
623 923 759 995 interim
793 926 918 1014 Varus,
952 926 1062 997 turba:
1090 924 1231 997 suorum

263 1040 436 1129 miscetur,
464 1040 649 1137 intulitque
673 1041 920 1114 formidinem:
950 1044 1033 1138 pulsi
1053 1067 1133 1113 curn
1157 1039 1231 1113 sau·

264 1157 324 1232 ciis
342 1158 480 1257 integri,
510 1158 701 1257 suometipsr
727 1181 835 1249 metu,
866 1165 899 1233 δι
920 1160 1084 1258 angustiis
1101 1160 1233 1234 viarum

265 1277 561 1351 conflictabantur.

316 1398 430 1468 XVII.
456 1396 634 1469 Nunuuu
664 1396 698 1468 in
724 1395 781 1468 illa
809 1397 1036 1494 trepidatione
1058 1395 1235 1469 Antonius

267 1513 451 1588 constantis
484 1515 598 1604 ducis,
633 1535 692 1587 aut
721 1504 886 1588 fortissimi
919 1515 1049 1603 militis,
1083 1513 1236 1586 officium

268 1633 397 1705 ornisrt:
425 1632 600 1704 occursare
625 1635 845 1730 paventibus:
879 1633 1021 1706 retinere
1050 1633 1234 1705 cedentes:

267 1751 329 1823 ubi
356 1751 523 1846 plurimus
555 1753 664 1842 labor,
694 1754 786 1825 unde
817 1753 932 1849 aliqua
966 1750 1052 1848 spes,
1081 1752 1236 1838 consiliu,

269 1894 389 1957 manu,
417 1894 516 1960 voce,
545 1871 684 1968 insignis
711 1871 812 1959 hosti,
842 1869 1045 1967 conspicuus
1072 1868 1160 1941 suis:
1195 1867 1239 1940 eb

271 1987 443 2085 postremi>
460 1990 587 2063 ardoris
610 1992 790 2085 provectus
806 1990 869 2080 est,
898 2009 937 2062 ut
953 1986 1167 2060 vexillarium
1185 1986 1240 2058 fu·

270 2106 423 2204 gientem
447 2108 538 2180 hasti
554 2108 857 2180 transverberaret:
879 2133 964 2180 mox
981 2128 1116 2202 raptum
1130 2105 1240 2178 vexil-

270 2225 396 2297 lumin
421 2225 554 2297 hostem
577 2226 696 2299 vertit:
727 2252 797 2322 quo
823 2227 966 2322 pudore,
993 2225 1088 2297 haud
1110 2224 1239 2320 plures,

272 2344 378 2438 quarn
398 2363 534 2415 centurn
553 2343 697 2440 equites,
716 2345 875 2417 restitere.
925 2343 1023 2439 Juvit
1039 2344 1147 2431 locus,
1166 2366 1240 2414 arc·

272 2461 356 2540 tiore
378 2461 445 2533 illic
462 2460 533 2549 vit,
554 2467 586 2534 δι
604 2461 711 2534 fredo
724 2462 948 2536 interfluentis
964 2461 1028 2534 rivi
1041 2480 1160 2557 ponte,
1179 2459 1241 2557 qui

273 2578 402 2651 incerto
419 2579 531 2669 alveo,
559 2583 592 2651 dc
619 2580 852 2676 praecipitibus
868 2581 960 2677 ripis,
988 2579 1108 2677 fugam
1133 2579 1243 2676 impe·

273 2697 409 2770 diebat:
430 2724 470 2771 ea
488 2701 671 2788 necessitas,
688 2700 745 2773 seu
761 2698 911 2788 fortuna,
929 2697 1036 2795 lapsas
1040 2697 1114 2795 jarn
1134 2718 1245 2794 partes

272 2817 422 2890 restituit.
472 2817 501 2891 F
503 2818 612 2891 irinati
629 2819 715 2891 inter
731 2819 777 2908 se,
802 2821 911 2891 densls
933 2816 1125 2904 ordinibus,
1150 2815 1244 2891 exci-

275 2937 374 3033 piunt
403 2934 606 3009 Vitellianos
627 2957 756 3010 temere
784 2937 927 3010 effusos:
957 2956 1061 3030 atque
1084 2933 1132 3006 iIli
1161 2959 1245 3006 con·

276 3054 477 3128 sternantur.
543 3056 716 3128 Antonius
741 3055 863 3130 instare
891 3057 1063 3151 percultis,
1101 3055 1247 3126 sternere

278 3173 412 3246 obvios.
462 3173 571 3247 Simul
596 3174 712 3264 ceteri,
742 3195 780 3245 ut
802 3174 928 3269 cuique
949 3171 1140 3269 ingenium,
1169 3169 1246 3266 spo·

277 3291 373 3381 liare,
401 3317 536 3387 capere,
562 3318 669 3381 arma,
692 3291 865 3388 equosque
887 3291 1061 3387 abripere:
1095 3289 1250 3365 &exciti

280 3409 437 3504 prospero
454 3414 618 3500 clamore,
649 3411 709 3507 qui
731 3410 838 3482 modo
857 3436 917 3505 per
933 3435 1033 3505 agros
1049 3408 1132 3504 fuga
1157 3408 1249 3503 pala·

280 3529 419 3615 bantur,
437 3530 588 3602 vietoriae
613 3530 645 3600 se
666 3528 863 3601 miscebant.

329 3645 464 3719 XVIII.
490 3654 551 3720 An
576 3666 737 3745 quartum
759 3673 779 3717 a
804 3648 978 3719 Cremond
1002 3646 1169 3742 lapidem,
1188 3643 1255 3717 ful·

280 3765 353 3836 sere
369 3765 547 3861 legionum
570 3771 676 3863 figna,
703 3766 853 3860 Rapacis
874 3786 977 3862 atque
1001 3765 1143 3855 Italicae,
1173 3766 1253 3836 laeto

280 3881 367 3955 inter
398 3884 495 3960 initia
520 3886 676 3986 equitum
700 3885 839 3961 suorum
863 3885 1000 3981 proelio,
1033 3885 1117 3956 illuc
1142 3885 1252 3978 usque
