3000 5144
383 482 449 556 162

380 653 536 735 aratione
549 653 704 734 Antonii
718 652 946 762 mitigantur.
995 656 1107 736 LXI.
1123 656 1243 736 Unum
1256 671 1346 735 tunc
1423 746 1428 759 ι

381 786 485 892 apud
513 784 717 865 Vitellianas
741 787 906 895 peqldiae
939 806 1128 868 certamen.
1197 787 1273 867 Pri
1284 815 1345 865 cus

383 919 427 996 &
458 918 646 1024 Ambenus
682 921 799 1026 cestra
829 919 1005 1027 destrunt.
1069 920 1202 999 LXII.
1233 917 1348 996 Nulla

371 1050 454 1155 jam
466 1050 679 1157 proditionis
699 1050 847 1158 pudore,
872 1055 1022 1160 casuque
1044 1053 1204 1145 Valente,
1228 1048 1344 1128 Vitel-

380 1181 499 1260 lianus
513 1182 606 1260 miles
619 1182 656 1260 iu
669 1185 706 1261 F
706 1184 871 1262 lavianas
878 1200 1005 1289 partes
1015 1185 1159 1287 transit.
1191 1182 1342 1261 LXIII.

380 1313 526 1418 Agitur
562 1342 640 1392 cum
678 1313 833 1407 Vitellia,
873 1332 915 1391 at
950 1314 1092 1420 imperia
1124 1310 1252 1405 cedat;
1280 1340 1345 1391 nec

380 1447 594 1525 relultatur.
660 1448 811 1524 LXIV.
842 1443 912 1524 Ad
929 1473 1032 1523 arma
1053 1444 1230 1523 incitatur
1247 1444 1343 1522 Fla-

381 1576 465 1653 uius
485 1576 651 1670 Sabinus,
687 1578 889 1684 quastani
898 1580 1055 1682 frater:
1076 1575 1149 1684 ſsd
1161 1574 1344 1654 invalidus

367 1710 528 1814 stnelld,
561 1706 769 1786 conditiones
798 1709 901 1818 pacis
935 1737 1014 1786 cum
1044 1707 1183 1786 Vitellia
1207 1707 1341 1813 agitat.
1384 1750 1386 1754 ·

383 1840 533 1918 LXVI.
567 1837 730 1919 Vitellius
747 1839 800 1918 ad
809 1838 1068 1945 fortitudinem
1086 1839 1343 1946 exstimulatur.

381 1973 553 2052 LXVII.
584 1975 643 2051 At
660 1973 829 2077 r'gnavus,
855 1973 1045 2051 concionem
1062 1970 1181 2064 habet,
1212 1971 1255 2048 &5
1272 1969 1341 2047 im·

374 2103 475 2210 'peria
505 2102 608 2182 cedit.
665 2102 956 2182 Reclamantibus
981 2119 1113 2195 tamen,
1145 2100 1209 2210 qui
1230 2097 1342 2207 adsti-

378 2251 515 2328 terunt,
531 2234 568 2312 in
577 2236 755 2341 palatium
768 2234 884 2315 redire
902 2234 1055 2340 cogitur.
1111 2234 1259 2313 LXIX.
1273 2234 1342 2310 In·

379 2363 486 2442 terim
519 2366 674 2445 Sabinus
707 2367 959 2474 rempublicam
982 2371 1191 2477 stcsceperat
1203 2404 1216 2460 t
1254 2363 1342 2444 ade·

379 2513 535 2604 rantque
545 2497 720 2603 primates
729 2499 892 2606 senatds,
920 2501 1082 2608 plerique
1099 2498 1263 2607 equestris
1280 2527 1345 2576 ar-

380 2626 485 2722 dinis,
517 2628 613 2708 miles
633 2629 861 2710 Urbanus&
884 2630 1026 2737 uigiles.
1083 2630 1134 2709 Id
1152 2627 1251 2734 agri
1268 2631 1340 2735 fie-

378 2780 469 2839 runt
506 2760 730 2841 Germanica
742 2762 910 2841 cohortes.
958 2764 1062 2841 Leve
1079 2762 1248 2870 pralium
1276 2758 1342 2842 Vt·

378 2892 533 2970 tellianis
553 2896 773 3001 prosperum.
830 2892 1043 3003 Capitolium
1061 2911 1178 2972 tamen
1196 2907 1343 3002 occupat

378 3022 546 3104 Sabinus.
603 3024 753 3102 LXXI.
790 3027 1036 3130 Oppugnatur
1068 3026 1111 3103 ὅ
1142 3023 1344 3104 incenditur

379 3154 607 3262 Capitolium.
665 3155 841 3233 LXXII.
877 3159 994 3264 Super
1012 3186 1047 3235 ea
1065 3155 1236 3263 seminare
1254 3184 1341 3263 que-

376 3289 472 3379 rela3
514 3290 556 3365 ἔθ’
594 3286 765 3394 Capitolii
799 3291 902 3396 tffque
927 3286 979 3366 ad
1013 3287 1193 3367 Vitellium
1229 3287 1341 3367 vices.

375 3419 567 3498 LXXIII.
609 3420 775 3514 Sabinas,
805 3421 848 3498 &
884 3419 1047 3515 Atticus,
1078 3421 1205 3527 carssrl,
1231 3417 1341 3526 capti.

376 3552 566 3630 LXXIV.
602 3551 845 3644 Domitianus,
870 3552 1037 3659 sollertid
1073 3551 1197 3631 liberti
1224 3551 1343 3629 accul-

374 3700 487 3776 tatas,
515 3682 694 3790 delitescit.
754 3682 907 3762 Sabinus
933 3682 985 3761 ad
1001 3682 1181 3762 Vitellium
1199 3680 1343 3776 dullus,

375 3841 474 3922 eaque
502 3813 616 3895 invita
648 3813 828 3921 confieffies,
871 3814 909 3894 in
943 3815 1129 3896 Gemonias
1157 3812 1340 3897 trahitur.
