<?xml version="1.0" encoding="UTF-8"?>
<!DOCTYPE html PUBLIC "-//W3C//DTD XHTML 1.0 Transitional//EN"
    "http://www.w3.org/TR/xhtml1/DTD/xhtml1-transitional.dtd">
<html xmlns="http://www.w3.org/1999/xhtml" xml:lang="en" lang="en">
 <head>
  <title>
</title>
<meta http-equiv="Content-Type" content="text/html;charset=utf-8" />
  <meta name='ocr-system' content='tesseract 3.04.00' />
  <meta name='ocr-capabilities' content='ocr_page ocr_carea ocr_par ocr_line ocrx_word'/>
</head>
<body>
  <div class='ocr_page' id='page_1' title='image "./ccorneliitaciti02ernegoog_0348.png"; bbox 0 0 3000 5144; ppageno 0'>
   <div class='ocr_carea' id='block_1_1' title="bbox 351 592 373 641">
    <p class='ocr_par' dir='ltr' id='par_1_1' title="bbox 351 592 373 641">
     <span class='ocr_line' id='line_1_1' title="bbox 351 592 373 641; baseline 0 0"><span class='ocrx_word' id='word_1_1' title='bbox 351 592 373 641; x_wconf 81' lang='lat'>2</span> 
     </span>
    </p>
   </div>
   <div class='ocr_carea' id='block_1_2' title="bbox 343 731 1333 3979">
    <p class='ocr_par' dir='ltr' id='par_1_2' title="bbox 343 731 1333 3979">
     <span class='ocr_line' id='line_1_2' title="bbox 356 731 1325 843; baseline 0 -31"><span class='ocrx_word' id='word_1_2' title='bbox 356 735 411 813; x_wconf 90' lang='lat' dir='ltr'><em>nit</em></span> <span class='ocrx_word' id='word_1_3' title='bbox 425 732 623 841; x_wconf 82' lang='lat' dir='ltr'><em>Vs&#39;pslanius</em></span> <span class='ocrx_word' id='word_1_4' title='bbox 642 732 807 841; x_wconf 77' lang='lat' dir='ltr'><em>Meffalo.</em></span> <span class='ocrx_word' id='word_1_5' title='bbox 849 738 902 828; x_wconf 90' lang='lat' dir='ltr'><em>Is,</em></span> <span class='ocrx_word' id='word_1_6' title='bbox 921 734 1146 843; x_wconf 86' lang='lat' dir='ltr'><em>antiquorum</em></span> <span class='ocrx_word' id='word_1_7' title='bbox 1159 731 1325 813; x_wconf 85' lang='lat' dir='ltr'><em>admira-</em></span> 
     </span>
     <span class='ocr_line' id='line_1_3' title="bbox 357 864 1326 972; baseline -0.001 -30"><span class='ocrx_word' id='word_1_8' title='bbox 357 883 427 959; x_wconf 82' lang='lat' dir='ltr'><em>tor,</em></span> <span class='ocrx_word' id='word_1_9' title='bbox 458 864 649 944; x_wconf 90' lang='lat' dir='ltr'><em>recentium</em></span> <span class='ocrx_word' id='word_1_10' title='bbox 679 882 905 971; x_wconf 87' lang='lat' dir='ltr'><em>contemptor,</em></span> <span class='ocrx_word' id='word_1_11' title='bbox 936 870 1126 972; x_wconf 83' lang='lat' dir='ltr'><em>Apruma</em></span> <span class='ocrx_word' id='word_1_12' title='bbox 1150 891 1326 942; x_wconf 87' lang='lat' dir='ltr'><em>novorum</em></span> 
     </span>
     <span class='ocr_line' id='line_1_4' title="bbox 356 995 1327 1105; baseline -0.002 -32"><span class='ocrx_word' id='word_1_13' title='bbox 356 996 535 1074; x_wconf 76' lang='lat' dir='ltr'><em>rhetorum</em></span> <span class='ocrx_word' id='word_1_14' title='bbox 554 1025 645 1075; x_wconf 76' lang='lat' dir='ltr'><em>oerore</em></span> <span class='ocrx_word' id='word_1_15' title='bbox 662 995 713 1075; x_wconf 87' lang='lat' dir='ltr'><em>ad</em></span> <span class='ocrx_word' id='word_1_16' title='bbox 726 996 951 1105; x_wconf 88' lang='lat' dir='ltr'><em>antiquorum</em></span> <span class='ocrx_word' id='word_1_17' title='bbox 975 1014 1154 1075; x_wconf 87' lang='lat' dir='ltr'><em>oratorum</em></span> <span class='ocrx_word' id='word_1_18' title='bbox 1157 996 1327 1103; x_wconf 88' lang='lat' dir='ltr'><em>formam</em></span> 
     </span>
     <span class='ocr_line' id='line_1_5' title="bbox 356 1123 1325 1232; baseline -0.003 -27"><span class='ocrx_word' id='word_1_19' title='bbox 356 1127 501 1205; x_wconf 80' lang='lat' dir='ltr'><em>trahere</em></span> <span class='ocrx_word' id='word_1_20' title='bbox 528 1124 675 1205; x_wconf 87' lang='lat' dir='ltr'><em>nititur.</em></span> <span class='ocrx_word' id='word_1_21' title='bbox 732 1128 822 1203; x_wconf 88' lang='lat' dir='ltr'><em>XV.</em></span> <span class='ocrx_word' id='word_1_22' title='bbox 842 1124 930 1203; x_wconf 83' lang='lat' dir='ltr'><em>Inde</em></span> <span class='ocrx_word' id='word_1_23' title='bbox 946 1124 987 1203; x_wconf 83' lang='lat' dir='ltr'><em>de</em></span> <span class='ocrx_word' id='word_1_24' title='bbox 1009 1123 1166 1232; x_wconf 91' lang='lat' dir='ltr'><em>antiquis</em></span> <span class='ocrx_word' id='word_1_25' title='bbox 1189 1124 1235 1203; x_wconf 54' lang='grc' dir='ltr'><em>δέ</em></span> <span class='ocrx_word' id='word_1_26' title='bbox 1259 1153 1325 1202; x_wconf 92' lang='lat' dir='ltr'><em>re·</em></span> 
     </span>
     <span class='ocr_line' id='line_1_6' title="bbox 358 1255 1324 1366; baseline -0.004 -30"><span class='ocrx_word' id='word_1_27' title='bbox 358 1256 517 1336; x_wconf 77' lang='lat' dir='ltr'><em>centibus</em></span> <span class='ocrx_word' id='word_1_28' title='bbox 542 1255 741 1366; x_wconf 52' lang='lat' dir='ltr'><em>‹lyputatim</em></span> <span class='ocrx_word' id='word_1_29' title='bbox 798 1256 913 1337; x_wconf 92' lang='lat' dir='ltr'><strong>XVI.</strong></span> <span class='ocrx_word' id='word_1_30' title='bbox 933 1258 978 1333; x_wconf 90' lang='lat' dir='ltr'><em>ln</em></span> <span class='ocrx_word' id='word_1_31' title='bbox 996 1256 1221 1363; x_wconf 88' lang='lat' dir='ltr'><em>antiquorum</em></span> <span class='ocrx_word' id='word_1_32' title='bbox 1253 1282 1324 1332; x_wconf 84' lang='lat' dir='ltr'><em>ve-</em></span> 
     </span>
     <span class='ocr_line' id='line_1_7' title="bbox 358 1383 1326 1495; baseline -0.002 -30"><span class='ocrx_word' id='word_1_33' title='bbox 358 1386 571 1465; x_wconf 87' lang='lat' dir='ltr'><em>nerationem</em></span> <span class='ocrx_word' id='word_1_34' title='bbox 603 1386 804 1495; x_wconf 60' lang='lat' dir='ltr'><em>conspirant</em></span> <span class='ocrx_word' id='word_1_35' title='bbox 841 1384 1007 1491; x_wconf 77' lang='lat' dir='ltr'><em>Meffala,</em></span> <span class='ocrx_word' id='word_1_36' title='bbox 1047 1383 1242 1477; x_wconf 86' lang='lat' dir='ltr'><em>Secundus,</em></span> <span class='ocrx_word' id='word_1_37' title='bbox 1279 1386 1326 1463; x_wconf 54' lang='grc' dir='ltr'><em>δέ</em></span> 
     </span>
     <span class='ocr_line' id='line_1_8' title="bbox 356 1515 1329 1623; baseline -0.004 -28"><span class='ocrx_word' id='word_1_38' title='bbox 356 1520 566 1596; x_wconf 83' lang='lat' dir='ltr'><em>Maternus.</em></span> <span class='ocrx_word' id='word_1_39' title='bbox 623 1522 728 1623; x_wconf 86' lang='lat' dir='ltr'><em>Aper</em></span> <span class='ocrx_word' id='word_1_40' title='bbox 738 1515 900 1622; x_wconf 89' lang='lat' dir='ltr'><em>antiquos</em></span> <span class='ocrx_word' id='word_1_41' title='bbox 917 1515 1126 1623; x_wconf 62' lang='lat' dir='ltr'><em>infitiatur,</em></span> <span class='ocrx_word' id='word_1_42' title='bbox 1142 1516 1185 1593; x_wconf 52' lang='grc' dir='ltr'><em>Εἴ</em></span> <span class='ocrx_word' id='word_1_43' title='bbox 1188 1515 1329 1620; x_wconf 76' lang='lat' dir='ltr'><em>soeculi</em></span> 
     </span>
     <span class='ocr_line' id='line_1_9' title="bbox 343 1642 1327 1755; baseline 0 -32"><span class='ocrx_word' id='word_1_44' title='bbox 343 1647 412 1753; x_wconf 79' lang='lat' dir='ltr'><em>stoi</em></span> <span class='ocrx_word' id='word_1_45' title='bbox 425 1664 551 1755; x_wconf 81' lang='lat' dir='ltr'><em>partes</em></span> <span class='ocrx_word' id='word_1_46' title='bbox 579 1666 715 1727; x_wconf 88' lang='lat' dir='ltr'><em>tuetur.</em></span> <span class='ocrx_word' id='word_1_47' title='bbox 774 1648 907 1725; x_wconf 84' lang='lat' dir='ltr'><strong>XVII.</strong></span> <span class='ocrx_word' id='word_1_48' title='bbox 938 1651 1120 1724; x_wconf 86' lang='lat' dir='ltr'><em>Incertum</em></span> <span class='ocrx_word' id='word_1_49' title='bbox 1144 1642 1236 1723; x_wconf 89' lang='lat' dir='ltr'><em>enim</em></span> <span class='ocrx_word' id='word_1_50' title='bbox 1253 1644 1327 1751; x_wconf 77' lang='lat' dir='ltr'><em>effe</em></span> 
     </span>
     <span class='ocr_line' id='line_1_10' title="bbox 359 1773 1325 1884; baseline 0.001 -31"><span class='ocrx_word' id='word_1_51' title='bbox 359 1778 402 1853; x_wconf 78' lang='lat'><em>&amp;</em></span> <span class='ocrx_word' id='word_1_52' title='bbox 420 1776 600 1883; x_wconf 74' lang='lat' dir='ltr'><em>ohsinrum</em></span> <span class='ocrx_word' id='word_1_53' title='bbox 617 1778 844 1884; x_wconf 89' lang='lat' dir='ltr'><em>antiquorum</em></span> <span class='ocrx_word' id='word_1_54' title='bbox 862 1804 994 1854; x_wconf 89' lang='lat' dir='ltr'><em>nomeu.</em></span> <span class='ocrx_word' id='word_1_55' title='bbox 1052 1773 1204 1855; x_wconf 91' lang='lat' dir='ltr'><strong>XVIII.</strong></span> <span class='ocrx_word' id='word_1_56' title='bbox 1228 1776 1325 1855; x_wconf 91' lang='lat' dir='ltr'><em>Plu-</em></span> 
     </span>
     <span class='ocr_line' id='line_1_11' title="bbox 360 1904 1328 2017; baseline -0.002 -32"><span class='ocrx_word' id='word_1_57' title='bbox 360 1936 416 1985; x_wconf 90' lang='lat' dir='ltr'><em>res</em></span> <span class='ocrx_word' id='word_1_58' title='bbox 435 1935 566 2013; x_wconf 86' lang='lat' dir='ltr'><em>quoqne</em></span> <span class='ocrx_word' id='word_1_59' title='bbox 583 1908 786 2017; x_wconf 80' lang='lat' dir='ltr'><em>eloquentie</em></span> <span class='ocrx_word' id='word_1_60' title='bbox 795 1907 945 2013; x_wconf 75' lang='lat' dir='ltr'><em>speeies.</em></span> <span class='ocrx_word' id='word_1_61' title='bbox 997 1904 1236 2011; x_wconf 80' lang='lat' dir='ltr'><em>Malignitate</em></span> <span class='ocrx_word' id='word_1_62' title='bbox 1253 1905 1328 1983; x_wconf 88' lang='lat' dir='ltr'><em>hu-</em></span> 
     </span>
     <span class='ocr_line' id='line_1_12' title="bbox 359 2034 1326 2146; baseline 0 -27"><span class='ocrx_word' id='word_1_63' title='bbox 359 2041 479 2132; x_wconf 70' lang='lat' dir='ltr'><em>mano,</em></span> <span class='ocrx_word' id='word_1_64' title='bbox 499 2058 624 2117; x_wconf 80' lang='lat' dir='ltr'><em>vetera</em></span> <span class='ocrx_word' id='word_1_65' title='bbox 641 2040 679 2116; x_wconf 89' lang='lat' dir='ltr'><em>in</em></span> <span class='ocrx_word' id='word_1_66' title='bbox 697 2037 811 2129; x_wconf 76' lang='lat' dir='ltr'><em>laude,</em></span> <span class='ocrx_word' id='word_1_67' title='bbox 834 2035 1026 2146; x_wconf 81' lang='lat' dir='ltr'><em>prasentia</em></span> <span class='ocrx_word' id='word_1_68' title='bbox 1039 2038 1077 2113; x_wconf 90' lang='lat' dir='ltr'><em>in</em></span> <span class='ocrx_word' id='word_1_69' title='bbox 1080 2034 1232 2143; x_wconf 81' lang='lat' dir='ltr'><em>fastidio</em></span> <span class='ocrx_word' id='word_1_70' title='bbox 1249 2034 1326 2142; x_wconf 81' lang='lat' dir='ltr'><em>effe</em></span> 
     </span>
     <span class='ocr_line' id='line_1_13' title="bbox 358 2164 1329 2274; baseline 0.001 -31"><span class='ocrx_word' id='word_1_71' title='bbox 358 2168 469 2247; x_wconf 86' lang='lat' dir='ltr'><strong>XIX.</strong></span> <span class='ocrx_word' id='word_1_72' title='bbox 501 2170 652 2272; x_wconf 75' lang='lat' dir='ltr'><em>Coffi&#39;nm</em></span> <span class='ocrx_word' id='word_1_73' title='bbox 671 2172 855 2260; x_wconf 85' lang='lat' dir='ltr'><em>Severum,</em></span> <span class='ocrx_word' id='word_1_74' title='bbox 885 2194 982 2274; x_wconf 92' lang='lat' dir='ltr'><em>quem</em></span> <span class='ocrx_word' id='word_1_75' title='bbox 1000 2164 1230 2274; x_wconf 84' lang='lat' dir='ltr'><em>antiquitatis</em></span> <span class='ocrx_word' id='word_1_76' title='bbox 1246 2185 1329 2244; x_wconf 83' lang='lat' dir='ltr'><em>ter-</em></span> 
     </span>
     <span class='ocr_line' id='line_1_14' title="bbox 358 2294 1328 2404; baseline 0.002 -30"><span class='ocrx_word' id='word_1_77' title='bbox 358 2296 490 2374; x_wconf 92' lang='lat' dir='ltr'><em>minnm</em></span> <span class='ocrx_word' id='word_1_78' title='bbox 518 2297 743 2401; x_wconf 79' lang='lat' dir='ltr'><em>constituunt,</em></span> <span class='ocrx_word' id='word_1_79' title='bbox 768 2326 835 2375; x_wconf 92' lang='lat' dir='ltr'><em>non</em></span> <span class='ocrx_word' id='word_1_80' title='bbox 863 2298 1017 2404; x_wconf 69' lang='lat' dir='ltr'><em>irffcitil,</em></span> <span class='ocrx_word' id='word_1_81' title='bbox 1031 2296 1106 2401; x_wconf 74' lang='lat' dir='ltr'><em>stul</em></span> <span class='ocrx_word' id='word_1_82' title='bbox 1117 2294 1256 2401; x_wconf 82' lang='lat' dir='ltr'><em>judicio</em></span> <span class='ocrx_word' id='word_1_83' title='bbox 1282 2299 1328 2376; x_wconf 54' lang='grc' dir='ltr'>ὅ</span> 
     </span>
     <span class='ocr_line' id='line_1_15' title="bbox 359 2423 1330 2533; baseline 0.004 -32"><span class='ocrx_word' id='word_1_84' title='bbox 359 2424 538 2517; x_wconf 75' lang='lat' dir='ltr'><em>intelletlu</em></span> <span class='ocrx_word' id='word_1_85' title='bbox 555 2423 607 2503; x_wconf 80' lang='lat' dir='ltr'><em>od</em></span> <span class='ocrx_word' id='word_1_86' title='bbox 628 2452 758 2503; x_wconf 86' lang='lat' dir='ltr'><em>novum</em></span> <span class='ocrx_word' id='word_1_87' title='bbox 774 2425 915 2506; x_wconf 87' lang='lat' dir='ltr'><em>dicendi</em></span> <span class='ocrx_word' id='word_1_88' title='bbox 926 2430 1088 2533; x_wconf 79' lang='lat' dir='ltr'><em>gennesa</em></span> <span class='ocrx_word' id='word_1_89' title='bbox 1105 2426 1330 2533; x_wconf 70' lang='lat' dir='ltr'><em>transsulffl.</em></span> 
     </span>
     <span class='ocr_line' id='line_1_16' title="bbox 359 2554 1325 2666; baseline 0.005 -32"><span class='ocrx_word' id='word_1_90' title='bbox 359 2557 454 2634; x_wconf 90' lang='lat' dir='ltr'><em>XX.</em></span> <span class='ocrx_word' id='word_1_91' title='bbox 485 2557 613 2634; x_wconf 89' lang='lat' dir='ltr'><em>Multa</em></span> <span class='ocrx_word' id='word_1_92' title='bbox 640 2554 774 2635; x_wconf 85' lang='lat' dir='ltr'><em>veteris</em></span> <span class='ocrx_word' id='word_1_93' title='bbox 800 2560 1000 2666; x_wconf 82' lang='lat' dir='ltr'><em>eloquentia</em></span> <span class='ocrx_word' id='word_1_94' title='bbox 1018 2559 1127 2639; x_wconf 84' lang='lat' dir='ltr'><em>vitio.</em></span> <span class='ocrx_word' id='word_1_95' title='bbox 1185 2562 1325 2639; x_wconf 66' lang='grc' dir='ltr'><em>Κασσι-</em></span> 
     </span>
     <span class='ocr_line' id='line_1_17' title="bbox 360 2684 1329 2795; baseline 0.003 -27"><span class='ocrx_word' id='word_1_96' title='bbox 360 2706 429 2768; x_wconf 90' lang='lat' dir='ltr'><em>tem</em></span> <span class='ocrx_word' id='word_1_97' title='bbox 462 2684 522 2793; x_wconf 73' lang='lat' dir='ltr'><em>esti</em></span> <span class='ocrx_word' id='word_1_98' title='bbox 549 2686 717 2766; x_wconf 81' lang='lat' dir='ltr'><em>latiorem</em></span> <span class='ocrx_word' id='word_1_99' title='bbox 751 2688 794 2767; x_wconf 57' lang='grc' dir='ltr'>ὅ</span> <span class='ocrx_word' id='word_1_100' title='bbox 819 2688 1072 2795; x_wconf 85' lang='lat' dir='ltr'><em>pulchriorem.</em></span> <span class='ocrx_word' id='word_1_101' title='bbox 1130 2690 1244 2771; x_wconf 91' lang='lat' dir='ltr'><strong>XXI.</strong></span> <span class='ocrx_word' id='word_1_102' title='bbox 1263 2692 1329 2771; x_wconf 83' lang='lat' dir='ltr'><em>De</em></span> 
     </span>
     <span class='ocr_line' id='line_1_18' title="bbox 362 2814 1328 2924; baseline 0.003 -27"><span class='ocrx_word' id='word_1_103' title='bbox 362 2818 490 2912; x_wconf 87' lang='lat' dir='ltr'><em>Calvo,</em></span> <span class='ocrx_word' id='word_1_104' title='bbox 515 2814 635 2912; x_wconf 74' lang='lat' dir='ltr'><em>Coelio,</em></span> <span class='ocrx_word' id='word_1_105' title='bbox 666 2821 712 2898; x_wconf 92' lang='lat' dir='ltr'><em>C.</em></span> <span class='ocrx_word' id='word_1_106' title='bbox 735 2820 890 2924; x_wconf 77' lang='lat' dir='ltr'><em>Caesare,</em></span> <span class='ocrx_word' id='word_1_107' title='bbox 919 2822 1052 2915; x_wconf 88' lang='lat' dir='ltr'><em>Bruto,</em></span> <span class='ocrx_word' id='word_1_108' title='bbox 1081 2848 1200 2900; x_wconf 87' lang='lat' dir='ltr'><em>eorum</em></span> <span class='ocrx_word' id='word_1_109' title='bbox 1219 2821 1328 2901; x_wconf 87' lang='lat' dir='ltr'><em>Cice-</em></span> 
     </span>
     <span class='ocr_line' id='line_1_19' title="bbox 362 2947 1329 3057; baseline 0.004 -29"><span class='ocrx_word' id='word_1_110' title='bbox 362 2948 521 3055; x_wconf 67' lang='lat' dir='ltr'><em>ronffque</em></span> <span class='ocrx_word' id='word_1_111' title='bbox 540 2947 767 3041; x_wconf 85' lang='lat' dir='ltr'><em>carosinihus,</em></span> <span class='ocrx_word' id='word_1_112' title='bbox 793 2947 834 3026; x_wconf 83' lang='lat' dir='ltr'><em>le</em></span> <span class='ocrx_word' id='word_1_113' title='bbox 854 2950 972 3053; x_wconf 79' lang='lat' dir='ltr'><em>Afinio</em></span> <span class='ocrx_word' id='word_1_114' title='bbox 993 2953 1035 3029; x_wconf 78' lang='lat'><em>&amp;</em></span> <span class='ocrx_word' id='word_1_115' title='bbox 1055 2953 1211 3032; x_wconf 85' lang='lat' dir='ltr'><em>Corvino</em></span> <span class='ocrx_word' id='word_1_116' title='bbox 1218 2953 1329 3057; x_wconf 87' lang='lat' dir='ltr'><em>judi-</em></span> 
     </span>
     <span class='ocr_line' id='line_1_20' title="bbox 362 3078 1329 3167; baseline 0.007 -7"><span class='ocrx_word' id='word_1_117' title='bbox 362 3082 431 3161; x_wconf 89' lang='lat' dir='ltr'><em>cia.</em></span> <span class='ocrx_word' id='word_1_118' title='bbox 481 3081 609 3157; x_wconf 86' lang='lat' dir='ltr'><strong>XXII.</strong></span> <span class='ocrx_word' id='word_1_119' title='bbox 630 3078 808 3157; x_wconf 86' lang='lat' dir='ltr'><em>Ciceronis</em></span> <span class='ocrx_word' id='word_1_120' title='bbox 826 3078 945 3157; x_wconf 84' lang='lat' dir='ltr'><em>laudes</em></span> <span class='ocrx_word' id='word_1_121' title='bbox 960 3083 1001 3159; x_wconf 54' lang='grc' dir='ltr'>ὅ</span> <span class='ocrx_word' id='word_1_122' title='bbox 1017 3082 1127 3162; x_wconf 75' lang='lat' dir='ltr'><em>vitia.</em></span> <span class='ocrx_word' id='word_1_123' title='bbox 1174 3084 1329 3167; x_wconf 86' lang='lat' dir='ltr'><strong>XXIII.</strong></span> 
     </span>
     <span class='ocr_line' id='line_1_21' title="bbox 361 3209 1330 3322; baseline 0.002 -30"><span class='ocrx_word' id='word_1_124' title='bbox 361 3216 539 3292; x_wconf 87' lang='lat' dir='ltr'><em>Sunnnam</em></span> <span class='ocrx_word' id='word_1_125' title='bbox 554 3209 754 3316; x_wconf 82' lang='lat' dir='ltr'><em>eloquentia</em></span> <span class='ocrx_word' id='word_1_126' title='bbox 763 3225 881 3310; x_wconf 83' lang='lat' dir='ltr'><em>artem</em></span> <span class='ocrx_word' id='word_1_127' title='bbox 895 3211 968 3317; x_wconf 74' lang='lat' dir='ltr'><em>effi,</em></span> <span class='ocrx_word' id='word_1_128' title='bbox 984 3213 1208 3321; x_wconf 87' lang='lat' dir='ltr'><em>antiquorum</em></span> <span class='ocrx_word' id='word_1_129' title='bbox 1222 3244 1330 3322; x_wconf 85' lang='lat' dir='ltr'><em>egre-</em></span> 
     </span>
     <span class='ocr_line' id='line_1_22' title="bbox 358 3338 1330 3449; baseline 0.007 -31"><span class='ocrx_word' id='word_1_130' title='bbox 358 3342 423 3448; x_wconf 83' lang='lat' dir='ltr'><em>gia</em></span> <span class='ocrx_word' id='word_1_131' title='bbox 438 3368 587 3449; x_wconf 83' lang='lat' dir='ltr'><em>quaeqne</em></span> <span class='ocrx_word' id='word_1_132' title='bbox 611 3338 761 3433; x_wconf 86' lang='lat' dir='ltr'><em>insitari,</em></span> <span class='ocrx_word' id='word_1_133' title='bbox 783 3341 825 3418; x_wconf 59' lang='grc' dir='ltr'><em>ἔθ’</em></span> <span class='ocrx_word' id='word_1_134' title='bbox 844 3370 867 3417; x_wconf 92' lang='lat' dir='ltr'><em>a</em></span> <span class='ocrx_word' id='word_1_135' title='bbox 881 3343 1079 3422; x_wconf 85' lang='lat' dir='ltr'><em>recentibus</em></span> <span class='ocrx_word' id='word_1_136' title='bbox 1081 3344 1248 3447; x_wconf 70' lang='lat' dir='ltr'><em>feliciter</em></span> <span class='ocrx_word' id='word_1_137' title='bbox 1266 3375 1330 3425; x_wconf 86' lang='lat' dir='ltr'><em>re-</em></span> 
     </span>
     <span class='ocr_line' id='line_1_23' title="bbox 354 3467 1333 3584; baseline 0.005 -34"><span class='ocrx_word' id='word_1_138' title='bbox 354 3490 464 3584; x_wconf 81' lang='lat' dir='ltr'><em>perto</em></span> <span class='ocrx_word' id='word_1_139' title='bbox 500 3467 651 3576; x_wconf 89' lang='lat' dir='ltr'><em>miscere.</em></span> <span class='ocrx_word' id='word_1_140' title='bbox 725 3472 878 3551; x_wconf 91' lang='lat' dir='ltr'><strong>XXIV.</strong></span> <span class='ocrx_word' id='word_1_141' title='bbox 914 3476 1110 3554; x_wconf 90' lang='lat' dir='ltr'><em>Maternus</em></span> <span class='ocrx_word' id='word_1_142' title='bbox 1143 3474 1333 3581; x_wconf 63' lang='lat' dir='ltr'><em>Meffnlom,</em></span> 
     </span>
     <span class='ocr_line' id='line_1_24' title="bbox 365 3599 1332 3714; baseline 0.006 -33"><span class='ocrx_word' id='word_1_143' title='bbox 365 3606 536 3683; x_wconf 86' lang='lat' dir='ltr'><em>hortatur</em></span> <span class='ocrx_word' id='word_1_144' title='bbox 564 3628 631 3678; x_wconf 93' lang='lat' dir='ltr'><em>non</em></span> <span class='ocrx_word' id='word_1_145' title='bbox 657 3599 709 3677; x_wconf 86' lang='lat' dir='ltr'><em>ad</em></span> <span class='ocrx_word' id='word_1_146' title='bbox 723 3599 955 3681; x_wconf 85' lang='lat' dir='ltr'><em>laudationem</em></span> <span class='ocrx_word' id='word_1_147' title='bbox 973 3605 1213 3711; x_wconf 89' lang='lat' dir='ltr'><em>antiquorum,</em></span> <span class='ocrx_word' id='word_1_148' title='bbox 1247 3637 1332 3714; x_wconf 86' lang='lat' dir='ltr'><em>quos</em></span> 
     </span>
     <span class='ocr_line' id='line_1_25' title="bbox 349 3730 1329 3841; baseline -0.001 -31"><span class='ocrx_word' id='word_1_149' title='bbox 349 3731 633 3841; x_wconf 79' lang='lat' dir='ltr'><em>fhmosteafistis</em></span> <span class='ocrx_word' id='word_1_150' title='bbox 651 3730 787 3824; x_wconf 84' lang='lat' dir='ltr'><em>laudat,</em></span> <span class='ocrx_word' id='word_1_151' title='bbox 794 3732 867 3839; x_wconf 85' lang='lat' dir='ltr'><em>sed</em></span> <span class='ocrx_word' id='word_1_152' title='bbox 880 3752 920 3811; x_wconf 91' lang='lat' dir='ltr'><em>ut</em></span> <span class='ocrx_word' id='word_1_153' title='bbox 940 3740 1076 3841; x_wconf 80' lang='lat' dir='ltr'><em>caustis,</em></span> <span class='ocrx_word' id='word_1_154' title='bbox 1097 3764 1165 3816; x_wconf 88' lang='lat' dir='ltr'><em>cur</em></span> <span class='ocrx_word' id='word_1_155' title='bbox 1183 3738 1219 3814; x_wconf 90' lang='lat' dir='ltr'><em>in</em></span> <span class='ocrx_word' id='word_1_156' title='bbox 1239 3757 1329 3818; x_wconf 88' lang='lat' dir='ltr'><em>tan.</em></span> 
     </span>
     <span class='ocr_line' id='line_1_26' title="bbox 362 3861 1330 3979; baseline -0.004 -34"><span class='ocrx_word' id='word_1_157' title='bbox 362 3882 437 3945; x_wconf 91' lang='lat' dir='ltr'><em>tum</em></span> <span class='ocrx_word' id='word_1_158' title='bbox 461 3861 506 3938; x_wconf 90' lang='lat' dir='ltr'><em>ob</em></span> <span class='ocrx_word' id='word_1_159' title='bbox 534 3888 648 3943; x_wconf 87' lang='lat' dir='ltr'><em>eorum</em></span> <span class='ocrx_word' id='word_1_160' title='bbox 671 3862 865 3971; x_wconf 77' lang='lat' dir='ltr'><em>eloquentisl</em></span> <span class='ocrx_word' id='word_1_161' title='bbox 886 3870 1047 3973; x_wconf 80' lang='lat' dir='ltr'><em>prastns</em></span> <span class='ocrx_word' id='word_1_162' title='bbox 1073 3885 1162 3948; x_wconf 84' lang='lat' dir='ltr'><em>otas</em></span> <span class='ocrx_word' id='word_1_163' title='bbox 1186 3870 1330 3979; x_wconf 78' lang='lat' dir='ltr'><em>retesti.</em></span> 
     </span>
    </p>
   </div>
   <div class='ocr_carea' id='block_1_3' title="bbox 0 0 1516 5144">
    <p class='ocr_par' dir='ltr' id='par_1_3' title="bbox 0 0 1516 5144">
     <span class='ocr_line' id='line_1_27' title="bbox 0 0 1516 5144; baseline 0 0"><span class='ocrx_word' id='word_1_164' title='bbox 0 0 1516 5144; x_wconf 95' lang='lat' dir='ltr'><em> </em></span> 
     </span>
    </p>
   </div>
  </div>
 </body>
</html>
