3000 5144
339 554 403 604 122
561 525 1123 600 ceorrnarurrcrrr

335 699 424 771 inter
454 700 579 772 multos
612 699 770 772 societate
802 701 914 795 culpae
947 700 1063 772 tutior.
1110 701 1303 782 ⁴Onerabat

335 817 537 913 paventium
555 844 653 890 curas
669 820 755 891 ordo
772 817 991 907 Mutinensis,
1018 825 1045 860 “
1063 843 1157 891 arma
1181 822 1214 889 δι
1242 842 1302 913 pe·

338 941 367 976 “
385 935 548 1007 cuniam'’
565 936 753 1025 offerendo,
767 937 1030 1034 appellabatque
1041 942 1069 977 “
1082 935 1300 1008 PatresCon-

338 1060 364 1096 “
383 1054 548 1149 scriptos'’
574 1054 816 1150 intempestivo
832 1056 973 1127 honore.

383 1174 480 1244 Llll.
506 1175 718 1246 Nornnrtn
737 1174 817 1246 inde
834 1171 991 1270 jurgium
1006 1171 1087 1261 fuit,
1111 1198 1183 1268 quo
1206 1169 1302 1244 Lici-

298 1290 300 1297 ’
336 1289 414 1363 nius
439 1291 580 1363 Caecina
603 1293 811 1365 Marcellum
841 1292 1000 1387 Eprium,
1028 1299 1055 1334 “
1073 1311 1111 1362 ut
1137 1290 1303 1388 ambigua

339 1417 365 1452 “
384 1409 639 1498 diss'erentem‚”
671 1409 802 1482 invasit.
867 1412 944 1483 Nec
981 1408 1084 1483 ceteri
1125 1407 1302 1482 sententias

336 1527 553 1624 aperiebant:
579 1524 635 1600 sed
653 1526 799 1601 invisum
818 1528 984 1601 memoria
997 1528 1223 1616 delationum,
1241 1553 1302 1600 ex·

335 1649 553 1743 positumque
577 1647 621 1717 ad
645 1645 813 1719 invidiam
834 1648 994 1721 Marcelli
1017 1672 1160 1738 nomen,
1186 1647 1302 1719 inrita·

337 1785 433 1838 verat
450 1765 639 1855 Caecinam,
663 1786 701 1838 ut
725 1792 837 1838 novus
864 1768 991 1855 adhuc,
1021 1770 1054 1837 δι
1078 1765 1112 1837 in
1141 1763 1297 1838 senatum

336 1909 448 1980 nuper
462 1881 621 1972 adscitus,
638 1884 773 1981 magnis
784 1884 973 1958 inimicitiis
988 1883 1191 1957 claresceret.
1216 1887 1301 1958 Mo·

336 2001 512 2083 deratione
545 2003 727 2076 meliorum
755 2002 931 2100 dirempti.
995 2005 1040 2074 Et
1068 2002 1196 2075 rediere
1224 2029 1302 2074 om·

333 2149 397 2217 ,nes
424 2123 628 2210 Bononiam,
654 2121 762 2195 rursus
790 2121 1012 2195 confiliaturi:
1043 2123 1155 2210 simul,
1184 2120 1302 2194 medio

336 2241 513 2337 temporis,
548 2242 660 2337 plures
685 2239 797 2312 nuntii
830 2239 1060 2337 sperabantur.
1121 2240 1300 2330 Bononiae,

335 2359 450 2433 divisrs
479 2384 540 2455 per
571 2359 704 2450 itinera,
738 2359 798 2455 qui
836 2358 1098 2433 recentissimum
1127 2383 1302 2457 quemque

244 2501 246 2506 ·
337 2479 655 2576 percunctarentur,
708 2477 934 2576 interrogatus
973 2475 1120 2549 Othonis
1160 2476 1302 2549 libertus

337 2605 366 2642 “
384 2596 519 2670 causam
535 2598 715 2695 digresslrs,
739 2599 863 2670 habere
884 2595 916 2669 se
939 2593 1095 2692 suprema
1111 2591 1181 2691 ejus
1202 2620 1299 2667 man-

337 2724 365 2762 “
382 2718 486 2789 data”
524 2715 719 2812 respondit:
755 2714 914 2811 “ipsum
947 2714 1120 2786 viventem
1156 2712 1300 2810 quidem

336 2835 553 2924 “relietum,
580 2834 636 2908 sed
660 2833 727 2906 solt
751 2832 952 2930 posteritatis
968 2836 1062 2921 cura,
1087 2837 1120 2904 δι
1149 2832 1301 2928 abruptis

334 2964 363 3000 “
380 2957 458 3028 virae
481 2951 760 3027 blandimentis.’'
810 2953 908 3024 Hinc
925 2951 1120 3040 admiratio,
1150 2952 1301 3046 &plura

335 3072 567 3171 interrogandi
599 3073 723 3167 pudor.
789 3076 908 3168 Atque
936 3070 1095 3144 omnium
1128 3069 1234 3142 animi
1265 3069 1303 3142 in

334 3193 513 3267 Vitellium
532 3190 747 3263 inclinavere.

383 3314 480 3385 LlV.
506 3310 734 3398 lurnnnrrnr
762 3309 906 3383 consiliis
930 3309 1032 3382 frater
1056 3308 1138 3407 ejus,
1161 3312 1207 3382 L.
1235 3309 1299 3381 Vi.

334 3432 460 3518 tellius,
499 3427 600 3525 seque
633 3428 720 3526 jam,
742 3428 959 3501 adulantibus
999 3430 1176 3517 offerebat,
1216 3429 1300 3500 ciam

334 3550 471 3646 repente
494 3550 637 3638 Coenus,
668 3549 807 3620 libertus
832 3547 994 3637 Neronis,
1024 3547 1129 3619 atroci
1157 3547 1299 3618 menda-

334 3667 391 3741 cio
429 3666 601 3740 universos
636 3667 793 3763 perculit,
830 3669 1012 3756 affirmans,
1048 3665 1300 3761 “superventu

335 3795 362 3831 “
382 3786 652 3880 quartadecimae
672 3785 828 3882 legionis,
855 3784 983 3880 jundis
1007 3786 1191 3859 aBrixello
1215 3784 1298 3856 viri.

335 3910 363 3952 “
382 3905 458 3992 bus,
475 3902 574 3976 caesos
588 3903 747 3994 victores,
767 3901 896 3977 versam
914 3904 1066 4001 partium
1083 3901 1296 3978 sortunamss‘
