3000 5144
322 557 387 628 118
509 554 551 626 C.
592 552 856 626 Conuurrr
899 552 1099 627 Tncrrr

322 732 349 767 “
368 752 448 800 vere
476 730 635 824 placeret,
664 729 760 801 tanti)
784 727 966 825 pulchrior·
976 751 1068 799 mors
1090 723 1163 797 erit.
1215 727 1289 797 Ex-

323 852 350 888 “
370 847 453 942 perti
470 847 618 919 invicem
635 846 764 936 sumus,
796 872 863 944 ego
881 871 920 917 ac
937 843 1095 917 fortuna:
1123 868 1186 917 nec
1201 864 1290 916 tem·

324 970 351 1007 “
370 990 433 1058 pus
450 965 730 1061 computaveritis
747 994 755 1036 :
778 965 949 1037 difficilius
973 963 1022 1036 est
1037 984 1224 1058 temperare
1240 960 1291 1034 fe-

324 1087 351 1124 “
370 1082 501 1170 licitati,
528 1087 595 1178 qui
618 1103 651 1155 te
678 1109 749 1155 non
771 1103 869 1180 putes
896 1082 956 1154 diu
979 1079 1129 1154 usurum.
1178 1079 1291 1153 Civile

324 1206 351 1242 “
377 1202 508 1272 bellum
521 1226 541 1272 a
552 1201 688 1273 Vitellio
701 1202 807 1297 coepit
823 1229 832 1273 ε
851 1205 884 1273 ἃ
902 1222 940 1272 ut
952 1200 996 1271 de
1009 1198 1200 1294 principatu
1215 1223 1290 1272 cer-

325 1324 353 1362 “
371 1338 517 1391 taremus
533 1319 650 1408 armis,
681 1318 817 1392 initium
834 1320 901 1391 illic
924 1316 1012 1390 fuit:
1045 1341 1089 1388 ne
1112 1316 1292 1415 plusquam

325 1443 352 1479 “
371 1434 473 1509 semel
491 1458 670 1526 certemus,
690 1464 792 1533 penes
805 1464 861 1509 me
878 1437 1080 1531 exemplum
1097 1436 1184 1508 erit:
1210 1435 1291 1508 hinc

325 1558 548 1627 “Othonem
574 1555 747 1650 posteritas
763 1555 915 1628 aestimet.
965 1557 1110 1626 Fructur
1133 1552 1293 1626 Vitellius

325 1679 353 1718 “
372 1671 486 1760 fratre,
515 1672 674 1771 conjuge,
695 1674 832 1747 liberis:
863 1674 948 1746 mihi
965 1699 1035 1745 non
1060 1672 1204 1761 ultione,
1230 1698 1290 1745 ne·

326 1798 353 1836 “
372 1817 440 1887 que
468 1790 588 1864 solatiis
615 1818 702 1889 opus
735 1794 792 1866 est.
842 1793 914 1866 Alii
947 1791 1076 1864 diutius
1107 1789 1292 1887 imperium

326 1917 353 1955 “
372 1912 566 1996 tenuerint;
600 1937 704 1984 nemo
731 1933 803 1985 tarn
836 1910 968 1984 fortiter
996 1907 1181 2007 reliquerit.
1230 1912 1291 1986 An

326 2036 353 2074 “
372 2056 439 2127 ego
459 2051 592 2101 tantum
611 2034 779 2103 Romanae
797 2030 910 2128 pubis,
944 2050 995 2102 tot
1013 2027 1167 2126 egregios
1192 2052 1290 2100 exer-

325 2155 354 2193 “
373 2148 472 2237 citus,
501 2148 598 2222 sterni
617 2148 739 2240 rursus,
769 2154 802 2221 &
832 2147 1028 2245 reipublicae
1053 2148 1137 2242 eripi
1154 2146 1288 2243 patiar?

325 2272 353 2308 “
371 2268 437 2337 Eat
453 2266 509 2337 hic
539 2291 677 2338 mecum
688 2266 840 2373 animus,
867 2287 1047 2364 tamquam
1074 2263 1210 2361 perituri
1228 2289 1292 2360 pro

325 2388 355 2425 “
373 2409 428 2455 rne
446 2381 598 2467 fueritis3
625 2382 682 2456 sed
708 2385 776 2456 este
803 2382 1018 2480 superstites:
1047 2408 1109 2456 nec
1131 2383 1192 2456 diu
1214 2410 1290 2456 mo·

325 2507 353 2545 “
370 2525 499 2589 remur,
527 2527 594 2598 ego
620 2501 893 2575 incolumitatem
917 2502 1077 2590 vestram,
1115 2526 1176 2573 vos
1205 2526 1289 2574 con·

326 2627 354 2662 “
371 2619 525 2691 stantiam
544 2644 669 2692 meam.
723 2622 826 2693 Plura
849 2622 894 2693 de
910 2621 1071 2693 extremis
1087 2619 1195 2716 loqui,
1215 2645 1291 2716 pars

326 2744 354 2780 “
374 2737 519 2835 ignaviae
536 2739 604 2810 est:
634 2737 846 2835 praecipuum
863 2737 1092 2812 destinationis
1113 2763 1199 2812 meae
1226 2740 1289 2811 do-

324 2863 352 2899 “
370 2877 569 2929 rumentum
602 2858 739 2945 habete,
775 2856 870 2952 quiid
897 2859 942 2929 de
972 2856 1109 2929 nemine
1141 2882 1289 2954 quer0r3

326 2980 354 3017 “
372 3001 453 3047 narn
470 2973 619 3048 incusare
646 2977 742 3065 deos,
774 2979 830 3049 vel
854 2976 1023 3067 homines,
1052 2972 1124 3072 ejus
1140 2977 1202 3068 est,
1230 2977 1290 3074 qui

326 3100 353 3138 “
373 3092 488 3165 vivere
506 3093 625 3165 velit.”
1005 3104 1008 3111 '

371 3213 698 3285 XLVlll.Tnn1n
729 3216 875 3304 locutus,
908 3204 945 3286 ut
970 3214 1095 3312 cuique
1122 3234 1202 3286 aetas
1229 3235 1289 3287 aut

322 3331 485 3429 dignitas,
510 3331 653 3404 comiter
670 3335 870 3429 appellatos,
895 3334 1028 3405 “irent
1055 3333 1210 3428 properi,
1222 3359 1290 3405 neu

325 3452 587 3522 “remanendo
621 3451 704 3522 iram
741 3451 877 3524 victoris
910 3452 1122 3548 asperarent''
1151 3449 1290 3544 juvenes

324 3567 534 3658 aucloritate,
552 3569 644 3642 senes
662 3569 820 3664 precibus
836 3574 1020 3643 movebat:
1049 3568 1203 3665 placidus
1215 3595 1288 3658 ore,

323 3686 512 3781 intrepidus
539 3687 666 3775 verbis,
692 3686 943 3784 intempestivas
972 3687 1109 3760 luorum
1134 3687 1289 3760 lacrimas

326 3809 498 3876 coercens.
550 3812 576 3847 “
595 3805 678 3877 Dari
697 3829 799 3877 naves
820 3830 859 3878 ac
877 3805 1056 3878 vehicula'’
1083 3804 1289 3879 abeuntibus

319 3918 448 4018 jubet:
475 3922 610 3999 libellos
636 3922 874 4021 epistolasque,
905 3924 1017 3999 studio
1043 3949 1126 4022 erga
1150 3922 1196 4015 se,
1230 3941 1290 3996 aut
