3000 5144
344 567 409 661 196
546 565 1138 640 C.Connnr11Tncrr1

339 739 498 834 pecunia,
515 744 548 811 a
566 740 695 811 ruentis
711 740 858 813 fortuna
871 743 1051 813 noviffima
1067 740 1189 815 libido.
1232 742 1308 815 Ad-

338 878 445 930 ventu
457 859 599 930 demum
614 861 771 953 peditum
783 861 1009 956 equitumque
1020 859 1168 954 pravitas
1180 859 1311 932 consilii

337 978 457 1075 patuit,
479 977 559 1074 quia
577 1003 640 1050 nec
655 981 780 1050 vadere
796 1004 855 1075 per
866 979 978 1051 hostes
994 1000 1065 1052 tam
1086 982 1188 1075 parvd
1204 1005 1310 1051 manu

338 1117 486 1193 poterat,
500 1096 626 1168 etiamn
645 1098 801 1169 fidissima
818 1098 918 1185 soret,
936 1123 998 1170 nec
1016 1097 1182 1194 integram
1200 1099 1308 1170 sidem

335 1218 528 1288 attulerant.
578 1215 697 1287 Pudor
713 1235 842 1303 tamen,
858 1221 891 1288 δι
910 1214 1080 1311 praesentis
1096 1217 1193 1289 ducis
1211 1242 1307 1288 reve·

335 1333 443 1406 rentia
476 1335 685 1421 morabatur,
721 1335 813 1406 haud
842 1333 1005 1406 diuturna
1038 1335 1178 1407 vincula
1209 1335 1305 1431 apud

334 1453 452 1525 avidos
471 1451 715 1547 periculorum,
732 1456 765 1523 δι
782 1452 959 1524 dedecoris
976 1452 1119 1526 securos.
1161 1456 1216 1525 Eo
1231 1477 1305 1525 me·

333 1591 386 1659 tu,
408 1576 440 1645 δι
466 1571 595 1667 paucis,
621 1595 709 1666 quos
734 1569 871 1643 adversa
894 1597 964 1642 non
987 1592 1214 1660 mutaverant,
1246 1597 1304 1644 co-

334 1690 549 1777 mitantibus,
580 1691 735 1761 cohortes
759 1688 959 1761 Ariminum
989 1691 1188 1786 praemittit:
1213 1692 1304 1762 alam

335 1818 362 1851 “
380 1809 464 1881 tueri
481 1810 601 1905 terga''
622 1806 749 1903 jubet:
776 1807 846 1902 ipse
863 1808 960 1881 flexit
976 1807 1013 1879 in
1031 1807 1232 1897 Umbriam,
1251 1827 1302 1880 at·

333 1954 402 2026 que
425 1928 506 2000 inde
526 1926 723 2011 Etruriam;
753 1925 815 1998 ubi
838 1926 981 2023 cognito
1006 1953 1133 2024 pugnae
1157 1929 1301 2000 Cremo·

332 2050 440 2119 nenfis
468 2067 609 2134 eventu,
643 2071 712 2117 non
735 2044 929 2142 ignavum,
950 2050 997 2134 δι,
1030 2048 1051 2117 sr
1079 2046 1300 2141 provenisset,

330 2188 431 2239 atrox
448 2165 628 2238 confilium
646 2164 731 2249 iniit,
751 2185 789 2235 ut
801 2164 942 2260 arreptis
955 2163 1113 2253 navibus,
1126 2165 1160 2236 in
1178 2191 1301 2262 quam·

330 2310 483 2380 cumque
513 2303 644 2379 partem
672 2284 903 2354 Narbonensis
928 2283 1114 2379 provinciae
1137 2286 1299 2381 egressus,

330 2404 472 2491 Gallias,
493 2406 526 2473 ὅτ
543 2401 723 2488 exercitus,
743 2406 776 2473 δι
788 2402 982 2474 Germania
999 2422 1132 2500 gentes,
1150 2428 1299 2476 novum·

329 2549 398 2620 que
419 2523 550 2596 bellum
573 2520 687 2592 cieret.

378 2644 495 2714 XLll.
522 2642 717 2712 Dronnsso
744 2642 903 2728 Valente,
930 2640 1097 2737 trepidos,
1127 2641 1188 2739 qui
1216 2642 1297 2716 Ari-

329 2761 464 2836 minum
482 2763 657 2847 tenebant,
676 2759 856 2832 Cornelius
881 2757 1021 2847 Fuscus,
1039 2761 1183 2833 admoto
1199 2787 1298 2835 exer·

326 2881 411 2969 citu,
427 2885 459 2952 ³&
476 2880 577 2951 miffis
596 2904 654 2974 per
672 2879 829 2974 proxima
846 2878 985 2950 litorum
1003 2878 1191 2968 liburnicis,
1211 2883 1298 2952 terrd

327 3000 483 3096 marique
510 2996 748 3071 circumvenit.
813 3000 1038 3091 Occupantur
1072 3000 1172 3092 plana
1207 3000 1297 3069 Um-

326 3120 424 3206 briae,
447 3124 478 3189 dc
499 3119 566 3214 quit
583 3116 728 3187 Picenus
745 3141 825 3212 ager
842 3115 950 3187 Adrid
967 3115 1118 3188 adluitur
1135 3144 1143 3186 :
1170 3117 1297 3189 omnis-

325 3265 393 3336 que
410 3237 507 3310 ltalia
531 3237 616 3306 inter
642 3232 884 3330 Vespasianum
908 3260 947 3306 ac
971 3234 1147 3306 Vitellium
1174 3240 1294 3330 Apen-

324 3357 398 3430 nini
414 3353 510 3451 jugis
526 3354 754 3425 dividebatur.
805 3353 932 3425 Fabius
956 3354 1084 3424 Valens
1105 3380 1124 3425 e
1149 3358 1219 3426 srnu
1238 3355 1295 3426 Pi-

323 3478 417 3563 san0‚
435 3474 575 3571 segniti-l
594 3472 708 3560 maris,
726 3492 783 3544 aut
800 3473 998 3545 adversante
1015 3494 1132 3561 vento,
1153 3476 1296 3548 Portum

325 3595 489 3669 Herculis
518 3591 677 3664 nlonoeci
700 3592 906 3687 depellitur:
939 3594 1031 3663 haud
1064 3595 1185 3687 procul
1214 3592 1295 3665 inde

322 3718 446 3812 agebat
481 3712 615 3783 Marius
644 3713 820 3798 Maturus,
863 3710 1011 3807 Alpium
1046 3711 1294 3784 maritimarum

325 3852 539 3929 procurator,
575 3831 664 3902 fidus
697 3829 850 3919 Vitellio,
893 3828 986 3926 cujus
1027 3829 1292 3918 sacramentum,

324 3950 456 4025 cunslis
478 3949 568 4023 circa
585 3948 779 4041 hostilibus,
797 3950 955 4022 nondum
971 3968 1123 4023 exuerat.
1173 3950 1206 4019 ls
1223 3951 1292 4020 Va-
