3000 5144
419 591 825 664 Hrsronrnnont
858 590 970 662 Lrn.
1003 592 1066 662 IV.
1164 592 1233 690 2⁶3

264 784 408 850 nomen,
426 762 666 857 Agrippinerffes
683 784 899 835 vocarentur.
952 764 1055 837 Caesae
1079 765 1237 837 cohortes

263 902 397 968 eorum,
428 879 464 950 in
493 880 573 952 vico
602 880 829 971 Marcoduro,
860 864 1067 954 incuriosius·
1082 902 1236 977 agentes,

263 998 347 1095 quia
381 998 502 1093 procul
528 999 602 1094 ripd
629 1001 781 1071 aberant.
835 999 914 1071 Nec
948 999 1107 1094 quievdre
1135 1001 1237 1089 Ubii,

250 1115 448 1214 -quominus
475 1118 606 1212 praedas
639 1142 658 1187 e
691 1116 876 1189 Germani&
907 1137 1079 1213 peterent:
1125 1118 1238 1213 primb

264 1234 430 1331 impune:
453 1235 534 1306 dein
556 1234 780 1306 circumventi
799 1233 890 1322 sunt,
909 1260 970 1330 per
986 1260 1090 1308 omne
1106 1237 1142 1308 id
1164 1237 1237 1309 bel-

265 1355 341 1425 lum
353 1352 493 1426 meliore
505 1355 552 1424 usi
570 1352 653 1440 fide,
667 1353 775 1449 quim
792 1350 939 1425 fortund.
976 1356 1134 1427 Contusrs
1146 1356 1237 1428 Ubi·

265 1472 307 1563 is,
327 1471 477 1569 gravior,
502 1476 535 1544 δι
554 1468 701 1542 successu
719 1495 832 1542 rerum
850 1469 997 1544 ferocior
1013 1473 1147 1565 Civilis,
1176 1478 1241 1548 ob·

265 1592 387 1664 fidium
409 1589 588 1687 legionum
616 1591 763 1685 urgebat
777 1617 788 1674 ;
820 1589 958 1662 intentis
983 1592 1158 1681 custodiis,
1196 1618 1241 1665 ne

265 1709 343 1805 quis
368 1711 525 1781 occultus
542 1706 683 1779 nuntius
700 1705 868 1779 venientis
897 1709 1014 1781 auxilii
1040 1731 1242 1805 penetraret.

266 1826 450 1902 Machinas
483 1828 683 1922 molemque
719 1849 866 1920 operum
903 1827 1036 1899 Batavis
1075 1829 1238 1925 delegat:

265 1946 545 2019 Transrhenanos
570 1952 597 1986 “
619 1943 808 2040 proelium”
833 1944 1021 2040 poscentes,
1045 1952 1073 1987 “
1090 1948 1134 2018 ad
1156 1947 1241 2020 scin·

267 2073 295 2108 “
315 2065 473 2138 dendum
506 2065 638 2136 vallum
664 2061 728 2149 ire,
755 2061 989 2158 detrusosque,
1014 2064 1244 2162 redintegrare

268 2191 296 2226 “
315 2184 513 2256 certamen’'
531 2180 653 2276 jubet;
682 2178 861 2276 superante
884 2181 1121 2272 multitudine,
1141 2189 1173 2255 a
1192 2183 1242 2258 sa·

265 2301 324 2375 cili
345 2302 500 2373 damno:
528 2325 592 2371 nec
616 2301 722 2370 linem
740 2300 848 2371 labori
871 2324 943 2371 nox
968 2300 1091 2373 attulit.

314 2420 454 2494 XXIX.
479 2420 699 2491 Coriossrrs
718 2417 848 2489 circum
871 2417 988 2515 lignis,
1014 2422 1242 2517 accenfisque,

268 2540 366 2612 simul
395 2539 585 2634 epulantes,
616 2532 824 2632 utquisque
855 2536 939 2608 vino
972 2536 1173 2627 incaluerat,
1199 2542 1244 2614 ad

270 2683 425 2756 pugnam
448 2655 638 2728 temeritate
661 2653 753 2726 inani
775 2652 979 2726 ferebantur.
1029 2657 1172 2753 Qrippe
1190 2659 1244 2755 ip.

269 2777 383 2851 sorum
416 2776 484 2848 tela
513 2798 573 2869 per
601 2773 757 2844 tenebras
785 2797 895 2844 vana:
932 2774 1085 2846 Romani
1111 2774 1244 2871 conspi·

271 2921 373 2969 cuam
398 2892 621 2967 barbarorum
649 2890 772 2978 aciem,
799 2895 833 2961 δι
858 2895 880 2963 fi
910 2893 987 2987 quis
1004 2891 1159 2980 audacis,
1188 2915 1247 2966 aut

271 3013 461 3110 insignibus
491 3012 674 3106 effulgens,
701 3009 745 3081 ad
775 3008 883 3081 istum
911 3011 1136 3083 destinabant.
1186 3015 1244 3085 ln·

266 3135 444 3206 tellectum
462 3130 498 3201 id
515 3128 645 3212 Civili;
677 3135 704 3169 “
725 3133 774 3215 dr,
799 3129 957 3201 restinslo
984 3129 1079 3226 igne,
1111 3131 1242 3204 misceri

272 3259 299 3294 “
317 3251 441 3324 cunsla
452 3248 600 3321 tenebris
618 3251 651 3317 δι
664 3246 787 3318 armis”
802 3245 910 3340 jubet.
959 3248 1055 3319 Tum
1069 3248 1151 3320 verb
1163 3250 1244 3322 stre·

273 3370 363 3467 pitus
386 3367 524 3454 dissoni,
550 3363 642 3438 casus
658 3365 793 3452 incerti,
819 3390 933 3461 neque
950 3365 1105 3456 feriendi,
1133 3394 1245 3465 neque

271 3485 469 3561 declinandi
497 3484 724 3581 providentia.
774 3485 882 3555 Unde
907 3486 1037 3555 clamor
1063 3485 1245 3576 acciderat,

239 3598 244 3605 ¹
273 3607 507 3702 circumagere
523 3627 680 3698 corpora,
698 3604 839 3675 tendere
851 3628 969 3674 arcus:
990 3602 1074 3674 nihil
1091 3605 1248 3698 prodesse

272 3727 394 3812 virtus,
414 3722 481 3796 sors
502 3725 626 3796 cunsla
648 3724 798 3810 turbare,
816 3726 848 3792 δι
867 3721 1071 3817 ignavorum
1089 3719 1178 3817 saepe
1194 3745 1244 3796 te·

272 3845 314 3918 lis
330 3842 495 3917 fortissimi
521 3843 655 3915 cadere.
706 3843 816 3936 Apud
833 3843 1040 3927 Germanos,
1055 3839 1245 3917 inconsulta

270 3964 343 4039 ira:
363 3966 545 4039 Romanus
567 3961 680 4052 miles,
700 3961 932 4058 periculorum
951 3983 1090 4059 gnarus,
1109 3961 1247 4036 serratas

717 4081 789 4170 84
