3000 5144
349 555 419 629 208
571 549 613 623 C.
652 551 895 623 conlatu
922 549 1100 625 Tacrrt

347 721 496 792 Praeetat
523 718 613 791 classi
638 718 803 791 Claudius
831 719 1054 815 Apollinaris,
1095 743 1209 815 neque
1238 720 1319 794 fidei

345 838 518 926 constans,
547 863 661 934 neque
685 838 836 911 strenuus
858 839 894 910 in
918 838 1084 934 perfidis:
1116 842 1150 909 ὅτ
1168 839 1319 934 Apinius

345 958 444 1047 Tiro,
480 956 801 1053 praemetuens,
834 984 874 1030 ac
902 977 978 1029 tum
1011 955 1096 1029 forte
1124 957 1319 1031 Minturnis

344 1101 464 1174 agens,
495 1075 622 1149 ducem
645 1075 678 1147 se
705 1074 934 1147 desestoribus
962 1075 1113 1147 obtulit:
1147 1077 1319 1172 aquibus

345 1193 535 1290 municipia
549 1197 766 1291 coloniaeque
787 1191 965 1290 impulsae:
996 1193 1170 1291 praecipuo
1187 1195 1318 1268 Puteo·

343 1315 501 1387 lanosum
518 1315 554 1388 in
569 1312 813 1410 Vespasianum
829 1312 958 1402 studio,
982 1313 1103 1385 contria
1120 1314 1240 1409 Capud
1253 1313 1315 1386 Vi-

341 1433 439 1506 tellio
467 1433 551 1523 fida,
575 1431 819 1527 municipalem
836 1429 1091 1504 aemulationem
1107 1433 1205 1504 bellis
1228 1431 1315 1504 civi·

343 1552 433 1627 libus
450 1550 644 1625 miscebant.
687 1551 857 1640 Vitellius,
870 1550 1057 1624 Claudium
1069 1551 1248 1646 julianum
1267 1550 1315 1645 (is

257 1659 260 1663 ¹
341 1696 452 1769 nuper
467 1672 603 1744 classem
628 1668 856 1742 Misenensem
874 1668 971 1740 molli
993 1669 1137 1766 imperio
1162 1672 1313 1760 rexerat)

341 1788 594 1887 permulcendis
607 1786 759 1859 militum
776 1787 897 1860 animis
913 1789 1064 1885 delegit:
1083 1790 1163 1861 data
1174 1789 1208 1860 in
1225 1815 1313 1862 aux·

340 1908 439 1982 ilium
454 1910 599 1981 Urbana
615 1908 753 1994 cohors,
779 1912 812 1980 δι
831 1907 1050 2003 gladiatores,
1079 1907 1205 2004 quibus
1222 1909 1312 2001 Juli-

340 2053 425 2101 anus
444 2048 596 2125 praeerat.
630 2082 635 2090 .
656 2028 710 2098 Ut
735 2027 860 2098 collata
878 2025 1053 2122 utrimque
1069 2026 1187 2115 castra,
1217 2028 1312 2099 haud

340 2148 468 2244 magud
500 2144 718 2218 cundatione
742 2143 880 2239 Juliano
911 2145 949 2216 in
980 2165 1091 2242 partes
1117 2143 1309 2241 Vespasiani

337 2264 553 2362 transgresso,
567 2263 787 2335 Tarracinam
801 2266 1026 2361 occupavsre,
1040 2264 1214 2337 moenibus
1231 2268 1309 2338 fitu-

338 2408 408 2480 que
423 2381 547 2478 magis,
573 2383 680 2478 quiam
702 2382 851 2478 ipsorum
869 2382 1008 2481 ingenio
1024 2402 1148 2457 tutam.

386 2503 519 2574 LVIII.
544 2504 647 2596 Qun
663 2503 724 2574 ubi
742 2501 882 2575 Vitellio
899 2501 1052 2598 cognita,
1083 2521 1177 2597 parte
1193 2503 1308 2600 copia-

337 2646 417 2694 rum
429 2619 569 2693 Narniae
585 2645 668 2692 cum
685 2620 851 2716 praesestis
868 2621 1017 2717 praetorii
1033 2620 1164 2710 scritta,
1181 2623 1227 2694 L.
1242 2623 1304 2694 Vi·

336 2739 471 2813 tellium
486 2737 640 2829 fratrem,
671 2764 752 2813 cum
770 2738 826 2811 sex
841 2740 1037 2814 cohortibus
1058 2745 1090 2814 δι
1110 2741 1306 2839 quingentis

335 2859 522 2956 equitibus,
552 2858 728 2956 ingruenti
753 2885 813 2955 per
829 2859 1057 2954 Campaniam
1081 2861 1173 2932 bello
1190 2868 1302 2958 oppo-

335 2978 410 3052 suit.
459 2979 534 3076 Ipse
551 3004 642 3076 aeger
667 2978 784 3066 animi,
813 2979 929 3050 studiis
952 2979 1102 3051 militum
1125 2983 1158 3051 δι
1175 2982 1304 3053 clamo-

335 3098 429 3171 ribus
463 3100 582 3195 populi
613 3123 710 3170 arma
744 3096 908 3192 poscentis
939 3097 1180 3171 refovebatur:
1217 3101 1304 3173 dum

335 3219 461 3315 vulgus
473 3216 641 3313 ignavum
655 3223 688 3289 tc
706 3216 791 3287 nihil
805 3219 890 3289 ultra
906 3220 1012 3289 verba
1029 3216 1201 3307 ausurum,
1220 3219 1303 3292 falses

332 3336 457 3432 specie,
486 3338 720 3409 “exercitum
746 3341 779 3408 &
798 3337 973 3433 legiones‘’
994 3339 1153 3433 appellat.
1203 3341 1300 3411 Hor-

334 3456 483 3528 tantibus
501 3455 627 3527 libertis
655 3460 755 3550 (nam
779 3455 972 3528 amicorum
991 3455 1060 3553 ejus
1079 3457 1207 3553 quanto
1226 3459 1302 3554 quis

333 3575 468 3662 clarior,
487 3573 601 3646 minias
618 3577 726 3667 fidus)
748 3581 775 3616 “
794 3576 907 3647 vocari
928 3574 1194 3670 tribus''jubet;
1215 3579 1300 3650 dan-

330 3712 380 3766 tes
396 3694 537 3765 nomina
551 3692 757 3782 sacramento
784 3695 890 3791 adigit
907 3723 915 3765 ε
941 3694 1165 3790 superfluente
1182 3697 1300 3768 multi-

330 3814 464 3900 tudine,
482 3837 599 3884 curam
615 3813 767 3885 delettos
791 3813 827 3884 in
845 3812 996 3885 consules
1019 3814 1172 3910 partitur.
1221 3816 1297 3885 Ser-

330 3953 455 4002 vomm
483 3954 679 4022 numerum,
713 3935 746 4002 δι
772 3935 908 4028 pondus
935 3931 1067 4029 argenti
1090 3932 1300 4006 senatoribus
