<?xml version="1.0" encoding="UTF-8"?>
<!DOCTYPE html PUBLIC "-//W3C//DTD XHTML 1.0 Transitional//EN"
    "http://www.w3.org/TR/xhtml1/DTD/xhtml1-transitional.dtd">
<html xmlns="http://www.w3.org/1999/xhtml" xml:lang="en" lang="en">
 <head>
  <title>
</title>
<meta http-equiv="Content-Type" content="text/html;charset=utf-8" />
  <meta name='ocr-system' content='tesseract 3.04.00' />
  <meta name='ocr-capabilities' content='ocr_page ocr_carea ocr_par ocr_line ocrx_word'/>
</head>
<body>
  <div class='ocr_page' id='page_1' title='image "./ccorneliitaciti02ernegoog_0078.png"; bbox 0 0 3000 5144; ppageno 0'>
   <div class='ocr_carea' id='block_1_1' title="bbox 376 529 1164 628">
    <p class='ocr_par' dir='ltr' id='par_1_1' title="bbox 376 529 1164 628">
     <span class='ocr_line' id='line_1_1' title="bbox 376 529 1164 628; baseline -0.006 -21"><span class='ocrx_word' id='word_1_1' title='bbox 376 530 765 607; x_wconf 81' lang='lat' dir='ltr'>Hrsronrnautu</span> <span class='ocrx_word' id='word_1_2' title='bbox 806 530 913 603; x_wconf 83' lang='lat' dir='ltr'>Lra.</span> <span class='ocrx_word' id='word_1_3' title='bbox 946 529 973 603; x_wconf 91' lang='grc' dir='ltr'>Ι.</span> <span class='ocrx_word' id='word_1_4' title='bbox 1118 530 1164 628; x_wconf 87' lang='lat'>69</span> 
     </span>
    </p>
   </div>
   <div class='ocr_carea' id='block_1_2' title="bbox 164 703 1219 4014">
    <p class='ocr_par' dir='ltr' id='par_1_2' title="bbox 196 703 1166 920">
     <span class='ocr_line' id='line_1_2' title="bbox 202 703 1166 803; baseline -0.003 -25"><span class='ocrx_word' id='word_1_5' title='bbox 202 711 233 749; x_wconf 82' lang='lat'><strong><em>“</em></strong></span> <span class='ocrx_word' id='word_1_6' title='bbox 249 703 412 803; x_wconf 88' lang='lat' dir='ltr'>sanguine</span> <span class='ocrx_word' id='word_1_7' title='bbox 428 731 550 778; x_wconf 89' lang='lat' dir='ltr'>manus</span> <span class='ocrx_word' id='word_1_8' title='bbox 567 705 720 779; x_wconf 87' lang='lat' dir='ltr'>imbuet?</span> <span class='ocrx_word' id='word_1_9' title='bbox 755 705 974 803; x_wconf 88' lang='lat' dir='ltr'>Imperatoris</span> <span class='ocrx_word' id='word_1_10' title='bbox 989 703 1038 777; x_wconf 93' lang='lat' dir='ltr'>sui</span> <span class='ocrx_word' id='word_1_11' title='bbox 1055 722 1166 777; x_wconf 92' lang='lat' dir='ltr'>tento·</span> 
     </span>
     <span class='ocr_line' id='line_1_3' title="bbox 196 824 580 920; baseline 0 -23"><span class='ocrx_word' id='word_1_12' title='bbox 196 831 227 866; x_wconf 88' lang='lat'><strong>“</strong></span> <span class='ocrx_word' id='word_1_13' title='bbox 246 825 334 897; x_wconf 91' lang='lat' dir='ltr'>rium</span> <span class='ocrx_word' id='word_1_14' title='bbox 351 824 526 920; x_wconf 87' lang='lat' dir='ltr'>inrumpet</span> <span class='ocrx_word' id='word_1_15' title='bbox 540 826 580 897; x_wconf 88' lang='lat'>?’&#39;</span> 
     </span>
    </p>

    <p class='ocr_par' dir='ltr' id='par_1_3' title="bbox 164 940 1219 4014">
     <span class='ocr_line' id='line_1_4' title="bbox 243 940 1166 1041; baseline -0.003 -25"><span class='ocrx_word' id='word_1_16' title='bbox 243 944 451 1017; x_wconf 89' lang='lat' dir='ltr'><strong>LXXXIV.</strong></span> <span class='ocrx_word' id='word_1_17' title='bbox 483 946 606 1015; x_wconf 86' lang='lat' dir='ltr'>“Vos</span> <span class='ocrx_word' id='word_1_18' title='bbox 628 944 772 1041; x_wconf 88' lang='lat' dir='ltr'>quidem</span> <span class='ocrx_word' id='word_1_19' title='bbox 803 944 892 1017; x_wconf 89' lang='lat' dir='ltr'>istud</span> <span class='ocrx_word' id='word_1_20' title='bbox 915 969 977 1041; x_wconf 87' lang='lat' dir='ltr'>pro</span> <span class='ocrx_word' id='word_1_21' title='bbox 1001 966 1080 1014; x_wconf 87' lang='lat' dir='ltr'>me:</span> <span class='ocrx_word' id='word_1_22' title='bbox 1108 940 1166 1014; x_wconf 90' lang='lat' dir='ltr'>sed</span> 
     </span>
     <span class='ocr_line' id='line_1_5' title="bbox 195 1060 1164 1152; baseline -0.002 -19"><span class='ocrx_word' id='word_1_23' title='bbox 195 1061 277 1133; x_wconf 88' lang='lat' dir='ltr'>“in</span> <span class='ocrx_word' id='word_1_24' title='bbox 302 1060 448 1135; x_wconf 85' lang='lat' dir='ltr'>discursu</span> <span class='ocrx_word' id='word_1_25' title='bbox 472 1088 512 1134; x_wconf 89' lang='lat' dir='ltr'>ac</span> <span class='ocrx_word' id='word_1_26' title='bbox 535 1063 694 1152; x_wconf 90' lang='lat' dir='ltr'>tenebris,</span> <span class='ocrx_word' id='word_1_27' title='bbox 720 1068 882 1136; x_wconf 86' lang='lat' dir='ltr'>&amp;rerum</span> <span class='ocrx_word' id='word_1_28' title='bbox 900 1061 1059 1134; x_wconf 91' lang='lat' dir='ltr'>omnium</span> <span class='ocrx_word' id='word_1_29' title='bbox 1080 1086 1164 1133; x_wconf 91' lang='lat' dir='ltr'>con-</span> 
     </span>
     <span class='ocr_line' id='line_1_6' title="bbox 201 1178 1183 1277; baseline 0 -27"><span class='ocrx_word' id='word_1_30' title='bbox 201 1184 229 1221; x_wconf 91' lang='lat'><strong>“</strong></span> <span class='ocrx_word' id='word_1_31' title='bbox 246 1178 389 1269; x_wconf 86' lang='lat' dir='ltr'>sufione,</span> <span class='ocrx_word' id='word_1_32' title='bbox 424 1180 574 1277; x_wconf 87' lang='lat' dir='ltr'>patefieri</span> <span class='ocrx_word' id='word_1_33' title='bbox 612 1186 745 1254; x_wconf 81' lang='lat' dir='ltr'>occasro</span> <span class='ocrx_word' id='word_1_34' title='bbox 778 1180 882 1252; x_wconf 86' lang='lat' dir='ltr'>etiarn</span> <span class='ocrx_word' id='word_1_35' title='bbox 914 1179 1075 1251; x_wconf 73' lang='lat' dir='ltr'>adversus</span> <span class='ocrx_word' id='word_1_36' title='bbox 1108 1203 1183 1250; x_wconf 87' lang='lat' dir='ltr'>me·</span> 
     </span>
     <span class='ocr_line' id='line_1_7' title="bbox 196 1294 1166 1394; baseline -0.003 -23"><span class='ocrx_word' id='word_1_37' title='bbox 196 1306 226 1342; x_wconf 88' lang='lat'><strong>“</strong></span> <span class='ocrx_word' id='word_1_38' title='bbox 244 1299 367 1394; x_wconf 87' lang='lat' dir='ltr'>potest.</span> <span class='ocrx_word' id='word_1_39' title='bbox 415 1299 448 1372; x_wconf 90' lang='lat' dir='ltr'>Si</span> <span class='ocrx_word' id='word_1_40' title='bbox 465 1298 607 1371; x_wconf 91' lang='lat' dir='ltr'>Vitellio</span> <span class='ocrx_word' id='word_1_41' title='bbox 632 1304 665 1372; x_wconf 75' lang='grc' dir='ltr'>δι</span> <span class='ocrx_word' id='word_1_42' title='bbox 694 1298 892 1371; x_wconf 91' lang='lat' dir='ltr'>satellitibus</span> <span class='ocrx_word' id='word_1_43' title='bbox 918 1296 988 1394; x_wconf 87' lang='lat' dir='ltr'>ejus</span> <span class='ocrx_word' id='word_1_44' title='bbox 1013 1294 1166 1394; x_wconf 85' lang='lat' dir='ltr'>eligendi</span> 
     </span>
     <span class='ocr_line' id='line_1_8' title="bbox 199 1416 1166 1515; baseline -0.003 -27"><span class='ocrx_word' id='word_1_45' title='bbox 199 1423 229 1459; x_wconf 89' lang='lat'>“</span> <span class='ocrx_word' id='word_1_46' title='bbox 247 1416 389 1489; x_wconf 85' lang='lat' dir='ltr'>facultas</span> <span class='ocrx_word' id='word_1_47' title='bbox 403 1419 516 1506; x_wconf 92' lang='lat' dir='ltr'>detur,</span> <span class='ocrx_word' id='word_1_48' title='bbox 534 1444 638 1515; x_wconf 92' lang='lat' dir='ltr'>quem</span> <span class='ocrx_word' id='word_1_49' title='bbox 658 1418 758 1490; x_wconf 87' lang='lat' dir='ltr'>nobis</span> <span class='ocrx_word' id='word_1_50' title='bbox 779 1416 950 1505; x_wconf 92' lang='lat' dir='ltr'>animum,</span> <span class='ocrx_word' id='word_1_51' title='bbox 968 1441 1052 1510; x_wconf 88' lang='lat' dir='ltr'>quas</span> <span class='ocrx_word' id='word_1_52' title='bbox 1069 1440 1166 1486; x_wconf 89' lang='lat' dir='ltr'>men-</span> 
     </span>
     <span class='ocr_line' id='line_1_9' title="bbox 194 1533 1168 1633; baseline -0.001 -26"><span class='ocrx_word' id='word_1_53' title='bbox 194 1540 289 1607; x_wconf 90' lang='lat' dir='ltr'>“tes</span> <span class='ocrx_word' id='word_1_54' title='bbox 315 1535 572 1631; x_wconf 84' lang='lat' dir='ltr'>imprecemur?</span> <span class='ocrx_word' id='word_1_55' title='bbox 599 1538 683 1633; x_wconf 89' lang='lat' dir='ltr'>quid</span> <span class='ocrx_word' id='word_1_56' title='bbox 700 1536 809 1627; x_wconf 91' lang='lat' dir='ltr'>aliud,</span> <span class='ocrx_word' id='word_1_57' title='bbox 831 1536 938 1633; x_wconf 78' lang='lat' dir='ltr'>quim</span> <span class='ocrx_word' id='word_1_58' title='bbox 967 1533 1168 1606; x_wconf 86' lang='lat' dir='ltr'>seditionem</span> 
     </span>
     <span class='ocr_line' id='line_1_10' title="bbox 198 1652 1165 1753; baseline -0.003 -27"><span class='ocrx_word' id='word_1_59' title='bbox 198 1661 226 1697; x_wconf 89' lang='lat'><strong>“</strong></span> <span class='ocrx_word' id='word_1_60' title='bbox 247 1659 281 1726; x_wconf 75' lang='grc' dir='ltr'>δι</span> <span class='ocrx_word' id='word_1_61' title='bbox 305 1654 525 1744; x_wconf 85' lang='lat' dir='ltr'>discordiam,</span> <span class='ocrx_word' id='word_1_62' title='bbox 551 1660 745 1753; x_wconf 87' lang='lat' dir='ltr'>optabunt?</span> <span class='ocrx_word' id='word_1_63' title='bbox 774 1682 817 1728; x_wconf 90' lang='lat' dir='ltr'>ne</span> <span class='ocrx_word' id='word_1_64' title='bbox 841 1658 937 1728; x_wconf 87' lang='lat' dir='ltr'>miles</span> <span class='ocrx_word' id='word_1_65' title='bbox 959 1652 1165 1743; x_wconf 88' lang='lat' dir='ltr'>centurioni,</span> 
     </span>
     <span class='ocr_line' id='line_1_11' title="bbox 199 1770 1168 1872; baseline 0 -28"><span class='ocrx_word' id='word_1_66' title='bbox 199 1778 229 1815; x_wconf 89' lang='lat'><strong>“</strong></span> <span class='ocrx_word' id='word_1_67' title='bbox 246 1798 291 1846; x_wconf 92' lang='lat' dir='ltr'>ne</span> <span class='ocrx_word' id='word_1_68' title='bbox 318 1772 477 1846; x_wconf 91' lang='lat' dir='ltr'>centurio</span> <span class='ocrx_word' id='word_1_69' title='bbox 502 1774 641 1847; x_wconf 91' lang='lat' dir='ltr'>tribuno</span> <span class='ocrx_word' id='word_1_70' title='bbox 670 1775 896 1872; x_wconf 85' lang='lat' dir='ltr'>obsequatur:</span> <span class='ocrx_word' id='word_1_71' title='bbox 928 1774 1009 1846; x_wconf 91' lang='lat' dir='ltr'>hinc</span> <span class='ocrx_word' id='word_1_72' title='bbox 1038 1770 1168 1845; x_wconf 80' lang='lat' dir='ltr'>confufi</span> 
     </span>
     <span class='ocr_line' id='line_1_12' title="bbox 200 1891 1168 1988; baseline -0.003 -23"><span class='ocrx_word' id='word_1_73' title='bbox 200 1891 377 1988; x_wconf 89' lang='lat' dir='ltr'>“pedites</span> <span class='ocrx_word' id='word_1_74' title='bbox 407 1891 618 1988; x_wconf 89' lang='lat' dir='ltr'>equitesque,</span> <span class='ocrx_word' id='word_1_75' title='bbox 652 1894 687 1965; x_wconf 96' lang='lat' dir='ltr'>in</span> <span class='ocrx_word' id='word_1_76' title='bbox 715 1894 860 1966; x_wconf 86' lang='lat' dir='ltr'>exitium</span> <span class='ocrx_word' id='word_1_77' title='bbox 889 1913 1040 1966; x_wconf 86' lang='lat' dir='ltr'>ruamus.</span> <span class='ocrx_word' id='word_1_78' title='bbox 1101 1894 1168 1963; x_wconf 89' lang='lat' dir='ltr'>Pa·</span> 
     </span>
     <span class='ocr_line' id='line_1_13' title="bbox 201 2010 1169 2110; baseline -0.003 -27"><span class='ocrx_word' id='word_1_79' title='bbox 201 2018 229 2054; x_wconf 87' lang='lat'><strong>“</strong></span> <span class='ocrx_word' id='word_1_80' title='bbox 247 2012 354 2083; x_wconf 88' lang='lat' dir='ltr'>tendo</span> <span class='ocrx_word' id='word_1_81' title='bbox 377 2010 505 2107; x_wconf 77' lang='lat' dir='ltr'>potius,</span> <span class='ocrx_word' id='word_1_82' title='bbox 529 2013 794 2102; x_wconf 88' lang='lat' dir='ltr'>commilitones,</span> <span class='ocrx_word' id='word_1_83' title='bbox 813 2014 919 2110; x_wconf 70' lang='lat' dir='ltr'>quim</span> <span class='ocrx_word' id='word_1_84' title='bbox 942 2010 1086 2108; x_wconf 88' lang='lat' dir='ltr'>imperia</span> <span class='ocrx_word' id='word_1_85' title='bbox 1102 2011 1169 2080; x_wconf 93' lang='lat' dir='ltr'>du·</span> 
     </span>
     <span class='ocr_line' id='line_1_14' title="bbox 200 2126 1168 2219; baseline -0.001 -18"><span class='ocrx_word' id='word_1_86' title='bbox 200 2134 230 2171; x_wconf 89' lang='lat'><strong>“</strong></span> <span class='ocrx_word' id='word_1_87' title='bbox 247 2155 329 2201; x_wconf 88' lang='lat' dir='ltr'>cum</span> <span class='ocrx_word' id='word_1_88' title='bbox 351 2126 567 2219; x_wconf 89' lang='lat' dir='ltr'>sciscitando,</span> <span class='ocrx_word' id='word_1_89' title='bbox 596 2158 647 2204; x_wconf 89' lang='lat' dir='ltr'>res</span> <span class='ocrx_word' id='word_1_90' title='bbox 677 2132 836 2204; x_wconf 89' lang='lat' dir='ltr'>militares</span> <span class='ocrx_word' id='word_1_91' title='bbox 858 2130 1101 2204; x_wconf 88' lang='lat' dir='ltr'>continentur:</span> <span class='ocrx_word' id='word_1_92' title='bbox 1133 2132 1168 2200; x_wconf 67' lang='grc' dir='ltr'>δε</span> 
     </span>
     <span class='ocr_line' id='line_1_15' title="bbox 201 2246 1219 2345; baseline -0.001 -26"><span class='ocrx_word' id='word_1_93' title='bbox 201 2254 229 2290; x_wconf 88' lang='grc'><strong>“</strong></span> <span class='ocrx_word' id='word_1_94' title='bbox 247 2247 439 2321; x_wconf 78' lang='lat' dir='ltr'>fortissimus</span> <span class='ocrx_word' id='word_1_95' title='bbox 462 2248 498 2320; x_wconf 93' lang='lat' dir='ltr'>in</span> <span class='ocrx_word' id='word_1_96' title='bbox 522 2247 594 2345; x_wconf 90' lang='lat' dir='ltr'>ipso</span> <span class='ocrx_word' id='word_1_97' title='bbox 610 2248 806 2322; x_wconf 86' lang='lat' dir='ltr'>discrimine</span> <span class='ocrx_word' id='word_1_98' title='bbox 829 2252 995 2323; x_wconf 88' lang='lat' dir='ltr'>exercitus</span> <span class='ocrx_word' id='word_1_99' title='bbox 1019 2248 1079 2337; x_wconf 89' lang='lat' dir='ltr'>est,</span> <span class='ocrx_word' id='word_1_100' title='bbox 1108 2246 1170 2344; x_wconf 92' lang='lat' dir='ltr'>qui</span> <span class='ocrx_word' id='word_1_101' title='bbox 1215 2268 1219 2275; x_wconf 84' lang='grc'><em>“</em></span> 
     </span>
     <span class='ocr_line' id='line_1_16' title="bbox 200 2365 1170 2466; baseline -0.003 -26"><span class='ocrx_word' id='word_1_102' title='bbox 200 2373 228 2410; x_wconf 88' lang='grc'><strong>“</strong></span> <span class='ocrx_word' id='word_1_103' title='bbox 245 2388 324 2440; x_wconf 88' lang='lat' dir='ltr'>ante</span> <span class='ocrx_word' id='word_1_104' title='bbox 355 2365 535 2442; x_wconf 89' lang='lat' dir='ltr'>discrimen</span> <span class='ocrx_word' id='word_1_105' title='bbox 567 2369 801 2466; x_wconf 88' lang='lat' dir='ltr'>quietissrmus.</span> <span class='ocrx_word' id='word_1_106' title='bbox 866 2368 976 2442; x_wconf 91' lang='lat' dir='ltr'>Vobis</span> <span class='ocrx_word' id='word_1_107' title='bbox 1008 2394 1102 2441; x_wconf 89' lang='lat' dir='ltr'>arma</span> <span class='ocrx_word' id='word_1_108' title='bbox 1135 2368 1170 2437; x_wconf 75' lang='grc' dir='ltr'>δι</span> 
     </span>
     <span class='ocr_line' id='line_1_17' title="bbox 201 2485 1170 2578; baseline 0 -21"><span class='ocrx_word' id='word_1_109' title='bbox 201 2485 379 2557; x_wconf 88' lang='lat' dir='ltr'>“animus</span> <span class='ocrx_word' id='word_1_110' title='bbox 402 2489 462 2559; x_wconf 89' lang='lat' dir='ltr'>srt:</span> <span class='ocrx_word' id='word_1_111' title='bbox 494 2486 578 2560; x_wconf 92' lang='lat' dir='ltr'>mihi</span> <span class='ocrx_word' id='word_1_112' title='bbox 604 2489 799 2578; x_wconf 84' lang='lat' dir='ltr'>confilium,</span> <span class='ocrx_word' id='word_1_113' title='bbox 830 2493 863 2561; x_wconf 84' lang='lat'>&amp;</span> <span class='ocrx_word' id='word_1_114' title='bbox 892 2488 1027 2562; x_wconf 91' lang='lat' dir='ltr'>virtutis</span> <span class='ocrx_word' id='word_1_115' title='bbox 1053 2486 1170 2560; x_wconf 81' lang='lat' dir='ltr'>vestrae</span> 
     </span>
     <span class='ocr_line' id='line_1_18' title="bbox 201 2604 1169 2705; baseline 0.002 -29"><span class='ocrx_word' id='word_1_116' title='bbox 201 2610 229 2648; x_wconf 91' lang='lat'><strong>“</strong></span> <span class='ocrx_word' id='word_1_117' title='bbox 247 2604 404 2702; x_wconf 85' lang='lat' dir='ltr'>regimen</span> <span class='ocrx_word' id='word_1_118' title='bbox 421 2605 614 2702; x_wconf 85' lang='lat' dir='ltr'>relinquite.</span> <span class='ocrx_word' id='word_1_119' title='bbox 664 2610 862 2681; x_wconf 91' lang='lat' dir='ltr'>Paucorum</span> <span class='ocrx_word' id='word_1_120' title='bbox 881 2611 984 2705; x_wconf 90' lang='lat' dir='ltr'>culpa</span> <span class='ocrx_word' id='word_1_121' title='bbox 999 2607 1077 2692; x_wconf 90' lang='lat' dir='ltr'>suit,</span> <span class='ocrx_word' id='word_1_122' title='bbox 1102 2606 1169 2678; x_wconf 93' lang='lat' dir='ltr'>du·</span> 
     </span>
     <span class='ocr_line' id='line_1_19' title="bbox 203 2723 1168 2820; baseline 0.002 -26"><span class='ocrx_word' id='word_1_123' title='bbox 203 2729 230 2765; x_wconf 92' lang='lat'><strong>“</strong></span> <span class='ocrx_word' id='word_1_124' title='bbox 247 2749 350 2795; x_wconf 90' lang='lat' dir='ltr'>orum</span> <span class='ocrx_word' id='word_1_125' title='bbox 367 2749 471 2820; x_wconf 90' lang='lat' dir='ltr'>poena</span> <span class='ocrx_word' id='word_1_126' title='bbox 487 2724 561 2796; x_wconf 90' lang='lat' dir='ltr'>erit.</span> <span class='ocrx_word' id='word_1_127' title='bbox 610 2725 722 2798; x_wconf 91' lang='lat' dir='ltr'>Ceteri</span> <span class='ocrx_word' id='word_1_128' title='bbox 735 2728 869 2798; x_wconf 88' lang='lat' dir='ltr'>abolete</span> <span class='ocrx_word' id='word_1_129' title='bbox 886 2725 1089 2799; x_wconf 86' lang='lat' dir='ltr'>memoriam</span> <span class='ocrx_word' id='word_1_130' title='bbox 1103 2723 1168 2796; x_wconf 87' lang='lat' dir='ltr'>soe·</span> 
     </span>
     <span class='ocr_line' id='line_1_20' title="bbox 202 2843 1169 2921; baseline 0.001 -6"><span class='ocrx_word' id='word_1_131' title='bbox 202 2849 229 2886; x_wconf 89' lang='lat'><strong>“</strong></span> <span class='ocrx_word' id='word_1_132' title='bbox 247 2844 390 2916; x_wconf 84' lang='lat' dir='ltr'>diffimae</span> <span class='ocrx_word' id='word_1_133' title='bbox 407 2843 541 2916; x_wconf 74' lang='lat' dir='ltr'>nostis:</span> <span class='ocrx_word' id='word_1_134' title='bbox 567 2870 629 2918; x_wconf 90' lang='lat' dir='ltr'>nec</span> <span class='ocrx_word' id='word_1_135' title='bbox 651 2846 723 2918; x_wconf 90' lang='lat' dir='ltr'>illas</span> <span class='ocrx_word' id='word_1_136' title='bbox 747 2847 907 2921; x_wconf 79' lang='lat' dir='ltr'>adversus</span> <span class='ocrx_word' id='word_1_137' title='bbox 932 2846 1087 2917; x_wconf 86' lang='lat' dir='ltr'>senatum</span> <span class='ocrx_word' id='word_1_138' title='bbox 1105 2870 1169 2916; x_wconf 89' lang='lat' dir='ltr'>vo-</span> 
     </span>
     <span class='ocr_line' id='line_1_21' title="bbox 171 2963 1169 3060; baseline -0.006 -21"><span class='ocrx_word' id='word_1_139' title='bbox 171 3032 176 3039; x_wconf 87' lang='lat'>.</span> <span class='ocrx_word' id='word_1_140' title='bbox 205 2967 232 3005; x_wconf 89' lang='lat'><strong>“</strong></span> <span class='ocrx_word' id='word_1_141' title='bbox 250 2987 306 3035; x_wconf 88' lang='lat' dir='ltr'>ces</span> <span class='ocrx_word' id='word_1_142' title='bbox 322 2964 411 3035; x_wconf 89' lang='lat' dir='ltr'>ullus</span> <span class='ocrx_word' id='word_1_143' title='bbox 433 2989 601 3059; x_wconf 90' lang='lat' dir='ltr'>umquam</span> <span class='ocrx_word' id='word_1_144' title='bbox 617 2964 785 3036; x_wconf 89' lang='lat' dir='ltr'>exercitus</span> <span class='ocrx_word' id='word_1_145' title='bbox 803 2965 926 3037; x_wconf 87' lang='lat' dir='ltr'>audiat.</span> <span class='ocrx_word' id='word_1_146' title='bbox 976 2966 1090 3060; x_wconf 86' lang='lat' dir='ltr'>Caput</span> <span class='ocrx_word' id='word_1_147' title='bbox 1104 2963 1169 3033; x_wconf 92' lang='lat' dir='ltr'>im·</span> 
     </span>
     <span class='ocr_line' id='line_1_22' title="bbox 203 3080 1169 3179; baseline 0 -27"><span class='ocrx_word' id='word_1_148' title='bbox 203 3086 231 3123; x_wconf 90' lang='lat'><strong>“</strong></span> <span class='ocrx_word' id='word_1_149' title='bbox 251 3080 350 3176; x_wconf 90' lang='lat' dir='ltr'>perii,</span> <span class='ocrx_word' id='word_1_150' title='bbox 369 3087 402 3154; x_wconf 74' lang='lat' dir='ltr'>a</span> <span class='ocrx_word' id='word_1_151' title='bbox 423 3083 550 3154; x_wconf 89' lang='lat' dir='ltr'>decora</span> <span class='ocrx_word' id='word_1_152' title='bbox 574 3083 732 3155; x_wconf 90' lang='lat' dir='ltr'>omnium</span> <span class='ocrx_word' id='word_1_153' title='bbox 751 3083 1015 3179; x_wconf 87' lang='lat' dir='ltr'>provinciamm,</span> <span class='ocrx_word' id='word_1_154' title='bbox 1032 3083 1076 3153; x_wconf 92' lang='lat' dir='ltr'>ad</span> <span class='ocrx_word' id='word_1_155' title='bbox 1093 3106 1169 3176; x_wconf 89' lang='lat' dir='ltr'>poe·</span> 
     </span>
     <span class='ocr_line' id='line_1_23' title="bbox 203 3196 1171 3298; baseline -0.003 -28"><span class='ocrx_word' id='word_1_156' title='bbox 203 3204 231 3240; x_wconf 88' lang='lat'><strong>“</strong></span> <span class='ocrx_word' id='word_1_157' title='bbox 248 3225 329 3271; x_wconf 86' lang='lat' dir='ltr'>nam</span> <span class='ocrx_word' id='word_1_158' title='bbox 346 3225 483 3289; x_wconf 89' lang='lat' dir='ltr'>vocare,</span> <span class='ocrx_word' id='word_1_159' title='bbox 502 3226 571 3272; x_wconf 94' lang='lat' dir='ltr'>non</span> <span class='ocrx_word' id='word_1_160' title='bbox 590 3204 704 3275; x_wconf 90' lang='lat' dir='ltr'>hercle</span> <span class='ocrx_word' id='word_1_161' title='bbox 720 3202 784 3293; x_wconf 91' lang='lat' dir='ltr'>illi,</span> <span class='ocrx_word' id='word_1_162' title='bbox 802 3228 890 3298; x_wconf 88' lang='lat' dir='ltr'>quos</span> <span class='ocrx_word' id='word_1_163' title='bbox 912 3202 993 3272; x_wconf 78' lang='lat' dir='ltr'>cum</span> <span class='ocrx_word' id='word_1_164' title='bbox 1018 3196 1171 3271; x_wconf 71' lang='lat' dir='ltr'>maxime</span> 
     </span>
     <span class='ocr_line' id='line_1_24' title="bbox 205 3316 1175 3410; baseline -0.001 -22"><span class='ocrx_word' id='word_1_165' title='bbox 205 3323 232 3359; x_wconf 92' lang='lat'><strong>“</strong></span> <span class='ocrx_word' id='word_1_166' title='bbox 251 3317 407 3391; x_wconf 90' lang='lat' dir='ltr'>Vitellius</span> <span class='ocrx_word' id='word_1_167' title='bbox 432 3318 467 3391; x_wconf 92' lang='lat' dir='ltr'>in</span> <span class='ocrx_word' id='word_1_168' title='bbox 484 3345 546 3391; x_wconf 90' lang='lat' dir='ltr'>nos</span> <span class='ocrx_word' id='word_1_169' title='bbox 565 3321 645 3410; x_wconf 89' lang='lat' dir='ltr'>ciet,</span> <span class='ocrx_word' id='word_1_170' title='bbox 668 3320 832 3393; x_wconf 83' lang='lat' dir='ltr'>Germani</span> <span class='ocrx_word' id='word_1_171' title='bbox 848 3321 1004 3392; x_wconf 89' lang='lat' dir='ltr'>audeant.</span> <span class='ocrx_word' id='word_1_172' title='bbox 1052 3316 1175 3389; x_wconf 91' lang='lat' dir='ltr'>Ulline</span> 
     </span>
     <span class='ocr_line' id='line_1_25' title="bbox 204 3436 1173 3536; baseline 0.003 -29"><span class='ocrx_word' id='word_1_173' title='bbox 204 3442 233 3477; x_wconf 88' lang='lat'><strong>“</strong></span> <span class='ocrx_word' id='word_1_174' title='bbox 249 3436 355 3509; x_wconf 88' lang='lat' dir='ltr'>ltaliae</span> <span class='ocrx_word' id='word_1_175' title='bbox 369 3437 514 3525; x_wconf 83' lang='lat' dir='ltr'>alumni,</span> <span class='ocrx_word' id='word_1_176' title='bbox 539 3443 570 3510; x_wconf 73' lang='grc' dir='ltr'>δι</span> <span class='ocrx_word' id='word_1_177' title='bbox 589 3443 750 3511; x_wconf 91' lang='lat' dir='ltr'>Romana</span> <span class='ocrx_word' id='word_1_178' title='bbox 763 3440 841 3511; x_wconf 68' lang='lat' dir='ltr'>vere</span> <span class='ocrx_word' id='word_1_179' title='bbox 851 3439 1027 3536; x_wconf 85' lang='lat' dir='ltr'>juventus,</span> <span class='ocrx_word' id='word_1_180' title='bbox 1042 3441 1086 3511; x_wconf 88' lang='lat' dir='ltr'>ad</span> <span class='ocrx_word' id='word_1_181' title='bbox 1099 3438 1173 3510; x_wconf 90' lang='lat' dir='ltr'>san·</span> 
     </span>
     <span class='ocr_line' id='line_1_26' title="bbox 207 3555 1175 3655; baseline 0.004 -28"><span class='ocrx_word' id='word_1_182' title='bbox 207 3561 234 3596; x_wconf 88' lang='lat'><strong>“</strong></span> <span class='ocrx_word' id='word_1_183' title='bbox 254 3555 450 3652; x_wconf 82' lang='lat' dir='ltr'>guinem&amp;</span> <span class='ocrx_word' id='word_1_184' title='bbox 480 3558 611 3629; x_wconf 80' lang='lat' dir='ltr'>cadem</span> <span class='ocrx_word' id='word_1_185' title='bbox 641 3558 862 3654; x_wconf 86' lang='lat' dir='ltr'>deposcerent</span> <span class='ocrx_word' id='word_1_186' title='bbox 884 3559 1053 3647; x_wconf 87' lang='lat' dir='ltr'>ordinem,</span> <span class='ocrx_word' id='word_1_187' title='bbox 1079 3556 1175 3655; x_wconf 86' lang='lat' dir='ltr'>cujus</span> 
     </span>
     <span class='ocr_line' id='line_1_27' title="bbox 164 3672 1176 3771; baseline 0.005 -27"><span class='ocrx_word' id='word_1_188' title='bbox 164 3702 167 3708; x_wconf 95' lang='lat'><em>·</em></span> <span class='ocrx_word' id='word_1_189' title='bbox 208 3679 237 3714; x_wconf 86' lang='lat'><strong>“</strong></span> <span class='ocrx_word' id='word_1_190' title='bbox 255 3672 482 3769; x_wconf 87' lang='lat' dir='ltr'>splendore&amp;</span> <span class='ocrx_word' id='word_1_191' title='bbox 509 3675 629 3771; x_wconf 70' lang='lat' dir='ltr'>gloria,</span> <span class='ocrx_word' id='word_1_192' title='bbox 658 3676 770 3749; x_wconf 90' lang='lat' dir='ltr'>sordes</span> <span class='ocrx_word' id='word_1_193' title='bbox 799 3677 1089 3750; x_wconf 89' lang='lat' dir='ltr'>&amp;obscuritatem</span> <span class='ocrx_word' id='word_1_194' title='bbox 1113 3677 1176 3749; x_wconf 93' lang='lat' dir='ltr'>Vi-</span> 
     </span>
     <span class='ocr_line' id='line_1_28' title="bbox 206 3792 1176 3892; baseline 0.006 -30"><span class='ocrx_word' id='word_1_195' title='bbox 206 3797 234 3832; x_wconf 88' lang='lat'><strong>“</strong></span> <span class='ocrx_word' id='word_1_196' title='bbox 252 3792 466 3864; x_wconf 87' lang='lat' dir='ltr'>tellianarum</span> <span class='ocrx_word' id='word_1_197' title='bbox 496 3793 644 3889; x_wconf 90' lang='lat' dir='ltr'>partium</span> <span class='ocrx_word' id='word_1_198' title='bbox 668 3796 946 3892; x_wconf 84' lang='lat' dir='ltr'>perstringimus?</span> <span class='ocrx_word' id='word_1_199' title='bbox 1007 3796 1176 3868; x_wconf 89' lang='lat' dir='ltr'>Nationes</span> 
     </span>
     <span class='ocr_line' id='line_1_29' title="bbox 208 3910 1177 4014; baseline 0.007 -32"><span class='ocrx_word' id='word_1_200' title='bbox 208 3915 236 3953; x_wconf 88' lang='lat'><strong>“</strong></span> <span class='ocrx_word' id='word_1_201' title='bbox 254 3910 384 4008; x_wconf 86' lang='lat' dir='ltr'>aliquas</span> <span class='ocrx_word' id='word_1_202' title='bbox 401 3911 587 4009; x_wconf 87' lang='lat' dir='ltr'>occupavit</span> <span class='ocrx_word' id='word_1_203' title='bbox 600 3913 770 4002; x_wconf 88' lang='lat' dir='ltr'>Vitellius,</span> <span class='ocrx_word' id='word_1_204' title='bbox 788 3914 975 4013; x_wconf 86' lang='lat' dir='ltr'>imaginem</span> <span class='ocrx_word' id='word_1_205' title='bbox 987 3916 1177 4014; x_wconf 93' lang='lat' dir='ltr'>quamdam</span> 
     </span>
    </p>
   </div>
   <div class='ocr_carea' id='block_1_3' title="bbox 660 4034 736 4129">
    <p class='ocr_par' dir='ltr' id='par_1_4' title="bbox 660 4034 736 4129">
     <span class='ocr_line' id='line_1_30' title="bbox 660 4034 736 4129; baseline 0 0"><span class='ocrx_word' id='word_1_206' title='bbox 660 4034 736 4129; x_wconf 78' lang='lat' dir='ltr'>Fa</span> 
     </span>
    </p>
   </div>
   <div class='ocr_carea' id='block_1_4' title="bbox 0 0 1517 5144">
    <p class='ocr_par' dir='ltr' id='par_1_5' title="bbox 0 0 1517 5144">
     <span class='ocr_line' id='line_1_31' title="bbox 0 0 1517 5144; baseline 0 0"><span class='ocrx_word' id='word_1_207' title='bbox 0 0 1517 5144; x_wconf 95' lang='lat' dir='ltr'> </span> 
     </span>
    </p>
   </div>
  </div>
 </body>
</html>
