3000 5144
415 527 662 599 Drntoous
700 549 756 599 nn
789 526 1106 602 Onaronraus.
1204 552 1249 627 23

277 700 479 776 saeculorum
498 706 531 775 δι
548 700 739 798 respeslum
759 700 916 774 immensi
939 699 1038 797 hujus
1062 700 1143 791 aevi,
1170 725 1249 797 per·

276 822 384 919 quarn
412 824 529 910 breve,
557 821 643 895 &in
669 819 830 917 proximo
846 819 906 893 est.
956 823 1051 893 Nam
1069 824 1106 910 sr,
1132 840 1171 893 ut
1187 819 1246 892 Ci-

274 966 354 1015 cero
372 941 410 1014 in
427 942 615 1015 Hortensio
631 939 757 1028 scribit,
785 947 812 982 “
829 939 856 1013 is
879 938 928 1013 est
948 965 1095 1037 magnus
1122 943 1156 1012 δι
1185 966 1245 1015 ve·

275 1067 304 1104 ‘⁴
320 1086 377 1133 rus
394 1086 517 1150 annus,
546 1085 619 1158 quo
634 1061 756 1132 eadem
775 1058 895 1155 positio
913 1059 986 1131 caeli
1013 1059 1244 1155 siderumque,

275 1186 303 1224 “
321 1206 400 1278 quae
432 1180 515 1253 curn
546 1179 698 1254 maxime
733 1179 796 1269 est,
820 1176 952 1251 rursum
984 1177 1118 1268 existet,
1150 1177 1247 1276 isque

276 1306 432 1372 “annus
465 1300 604 1388 homm,
636 1323 724 1396 quos
758 1323 820 1370 nos
862 1323 1042 1388 vocamus,
1076 1323 1246 1372 annorum

275 1425 303 1461 “
322 1444 388 1492 κη
410 1443 441 1491 nr
459 1442 647 1491 uccccmv
681 1416 971 1514 compledlitur:”
1007 1416 1129 1514 incipit
1171 1420 1243 1492 De·

271 1537 603 1626 mosthenesvester,
625 1560 731 1634 quem
748 1563 810 1610 vos
833 1556 985 1610 veterem
1009 1536 1245 1635 &antiquum

272 1657 416 1755 fingitis,
435 1683 505 1730 non
523 1655 635 1729 solum
656 1657 782 1729 eodem
799 1681 891 1729 anno
913 1666 1077 1752 quo‘nos,
1100 1655 1158 1729 sed
1174 1655 1244 1731 sere

271 1777 397 1849 eodem
413 1776 529 1850 mense
542 1775 712 1848 exstitisse.

317 1896 434 1969 XVII.
447 1896 521 1967 Seu
534 1892 663 1968 transeo
678 1894 723 1966 ad
736 1893 878 1969 Latinos
895 1911 1054 1983 oratores,
1068 1894 1102 1967 in
1116 1895 1243 1992 quibus

269 2039 340 2087 non
358 2013 582 2103 Menenium,
595 2033 635 2086 ut
653 2033 751 2110 puto,
766 2012 980 2111 Agrippam,
993 2013 1053 2110 qui
1067 2015 1176 2111 potest
1187 2014 1241 2087 vi·

268 2133 343 2207 deri
356 2133 530 2229 antiquus,
545 2133 737 2206 nostrorum
749 2152 950 2229 temporum
959 2130 1088 2205 disertis
1098 2152 1242 2230 antepo-

267 2277 349 2326 nere
358 2251 483 2327 soletis:
497 2251 555 2326 sed
567 2251 785 2340 Ciceronem,
795 2250 1017 2342 &Caesarem
1026 2259 1059 2326 ὃ(
1071 2251 1240 2343 Coelium,

269 2378 304 2445 δι
320 2373 486 2462 Calvum,
508 2376 542 2445 δι
559 2373 718 2461 Bmtum‚
736 2376 770 2445 δι
788 2372 961 2462 Asinium,
981 2376 1015 2445 δι
1031 2374 1213 2446 Messalam
1228 2400 1237 2447 :

267 2516 355 2588 quos
376 2489 522 2589 quidem
547 2516 610 2564 cur
637 2491 783 2589 antiquis
802 2491 1015 2589 temporibus
1040 2491 1155 2588 potius
1179 2492 1240 2565 ad-

266 2608 433 2701 scribatis,
453 2609 559 2708 quam
576 2609 712 2700 nostris,
732 2635 802 2682 non
819 2610 947 2683 video:
969 2636 1050 2683 nam
1066 2632 1105 2683 ut
1122 2612 1166 2684 de
1182 2609 1242 2684 Ci-

267 2753 392 2803 cerone
408 2728 481 2826 ipso
498 2731 633 2825 loquar,
650 2726 771 2803 Hirtio
794 2753 920 2824 nempe
938 2731 972 2800 δι
995 2731 1104 2802 Pansa
1121 2728 1241 2803 consu·

264 2847 369 2938 libus,
393 2869 430 2921 ut
446 2847 533 2921 Tiro
560 2848 700 2921 libertus
724 2844 796 2944 ejus
822 2845 963 2942 scripsrt,
989 2845 1135 2942 septimo
1156 2847 1240 2922 Idus

265 2967 472 3045 Decembris
488 2966 619 3041 occisus
642 2967 703 3055 est,
730 2991 801 3063 quo
823 2990 916 3038 anno
939 2963 1041 3037 divus
1063 2965 1242 3062 Augustus

264 3084 301 3158 in
318 3087 435 3159 locum
462 3085 578 3160 Pansae
594 3086 631 3158 δι
648 3085 758 3161 Hirtii
775 3084 808 3160 se
823 3084 861 3157 δι
885 3082 1097 3183 QPedium
1113 3084 1236 3159 consu-

265 3205 314 3278 les
330 3202 485 3278 suffecit:
504 3205 611 3278 statue
626 3202 685 3281 sex
700 3205 737 3279 δι
754 3203 1005 3302 quinquaginta
1020 3228 1141 3294 annos,
1158 3204 1238 3302 qui-

265 3325 330 3397 bus
355 3347 439 3395 mox
455 3323 557 3397 divus
575 3324 753 3421 Augustus
770 3323 1021 3420 rempublicam
1039 3323 1149 3396 rexit:
1172 3325 1234 3398 ad-

257 3440 327 3541 jice
343 3441 480 3515 Tiberii
496 3465 562 3517 tres
579 3442 617 3513 &
633 3441 771 3541 viginti,
790 3442 828 3514 δι
844 3467 951 3539 prope
967 3441 1234 3539 quadriennium

263 3560 353 3650 Caii,
371 3587 411 3634 ac
424 3561 475 3634 bis
494 3560 781 3658 quaternosdenos
797 3562 933 3638 Claudii
949 3560 987 3632 &
1003 3561 1153 3635 Neronis
1170 3588 1232 3634 an·

262 3706 343 3769 nos,
372 3700 476 3776 atque
499 3678 610 3776 ipsum
635 3683 772 3771 Galbae,
801 3681 838 3752 δι
863 3680 1024 3769 Othonis,
1053 3680 1234 3757 &Vitellii

260 3826 370 3874 unum
385 3825 530 3890 annum,
541 3826 582 3873 ac
598 3799 806 3898 sextamjam
824 3801 930 3874 felicis
944 3796 1045 3896 hujus
1061 3799 1232 3896 principa·

260 3920 316 3995 slas
331 3918 525 4012 stationem,
539 3922 607 4018 qul
619 3918 839 4017 Vespasianus
851 3917 1104 4019 rempublicam
1121 3917 1230 4012 fovet,

710 4037 789 4131 C4
