3000 5144
260 560 330 633 324
456 536 499 611 C.
538 539 804 611 Consenti
847 538 1048 611 Taciti

258 736 337 782 tnae.
391 711 554 785 Palmetis
571 712 768 809 proceritas,
794 716 827 784 a
856 712 973 783 decor.
1023 708 1237 797 balsamum,

260 829 399 901 modica
421 833 547 902 arbor:
577 850 614 901 ut
634 828 774 926 quisque
791 854 905 901 ramus
923 829 1100 917 intumuit,
1123 831 1145 900 st
1162 828 1241 900 vim

259 944 336 1018 ferri
352 948 531 1036 adhibeas,
551 969 678 1044 pavent
694 973 810 1031 venae3
829 946 1000 1045 fragmine
1019 928 1158 1043 lapidis,
1177 966 1241 1021 aut

258 1064 341 1136 testd
375 1066 593 1161 aperiuntur:
622 1069 749 1138 humor
771 1066 806 1137 in
836 1065 897 1138 usu
926 1065 1142 1138 medentium
1174 1064 1240 1137 est.

258 1183 481 1280 Praecipuum
499 1186 670 1257 montium
688 1187 867 1258 Libanum
884 1183 998 1280 erigit,
1018 1184 1144 1255 mimm
1161 1182 1241 1256 dic·

257 1320 310 1391 tu,
343 1322 456 1374 tantos
482 1303 569 1375 inter
592 1305 728 1375 ardores
756 1327 907 1397 opacum
934 1304 1118 1398 fidumque
1145 1299 1238 1373 nivi·

259 1422 336 1491 bus.
399 1421 497 1493 ldem
534 1446 673 1493 amnem
707 1421 896 1514 Jordanetn
929 1421 1004 1510 alit,
1039 1418 1241 1516 funditque.

260 1540 339 1611 Nec
365 1540 531 1633 Jordanes
554 1542 678 1635 pelago
702 1537 891 1634 accipitur:
922 1538 1111 1611 sedunum
1135 1557 1243 1635 atque

260 1660 409 1730 alterum
435 1660 548 1730 lactrm
575 1656 710 1753 integer
743 1656 897 1752 perssuit:
939 1656 1037 1729 tertio
1061 1655 1239 1728 retinetur.

260 1778 378 1849 Lacus
396 1774 564 1848 immenso
585 1776 733 1863 ambitu,
758 1774 868 1871 specie
885 1776 1000 1865 maris,
1025 1776 1141 1872 sapore
1157 1800 1239 1848 cor-

260 1896 408 1991 ruptior,
443 1895 610 1991 gravitate
637 1892 752 1967 odoris
781 1893 907 1966 accolis
942 1893 1091 1990 pestifer,
1122 1919 1240 1990 neque

259 2036 365 2085 vento
388 2014 591 2109 impellitur,
609 2039 721 2110 neque
734 2012 838 2108 pisces
856 2033 915 2085 aut
932 2010 1038 2085 suetas
1060 2011 1156 2108 aquis
1173 2037 1238 2085 vo·

261 2132 371 2204 lucres
388 2133 522 2228 patitur.
572 2135 714 2203 Incertae
742 2132 869 2203 undae:
896 2128 1098 2227 superjasla,
1124 2150 1163 2203 ut
1183 2131 1236 2203 so-

261 2250 348 2338 lid0,
375 2249 506 2321 ferunt:
537 2249 632 2344 periti
650 2248 873 2346 imperitique
895 2249 999 2322 nandi
1017 2250 1160 2346 perinde
1186 2270 1238 2321 at·

260 2368 438 2438 tolluntur.
488 2366 591 2437 Certo
608 2365 702 2453 anni,
734 2367 892 2439 bitumen
917 2368 1047 2465 egerit:
1075 2366 1170 2464 cujus
1188 2370 1238 2441 le·

261 2484 366 2582 gendi
392 2480 504 2571 usum,
532 2503 569 2555 ut
593 2504 719 2556 ceteras
744 2507 843 2575 artes,
872 2485 1081 2581 experientia
1104 2486 1238 2559 docuit.

261 2606 349 2677 Ater
365 2601 479 2697 suapte
496 2606 615 2675 natura
633 2603 760 2698 liquor,
791 2608 824 2676 δι
846 2602 956 2700 sparso
972 2625 1070 2677 aceto
1093 2630 1238 2678 concre-

259 2741 328 2811 tus,
348 2722 495 2793 innatat:
522 2724 616 2795 hunc
635 2749 740 2795 manu
757 2742 911 2818 captum,
931 2723 1058 2820 quibus
1075 2749 1114 2797 ea
1137 2750 1237 2815 cura,

260 2839 297 2913 iu
314 2839 447 2913 summa
463 2841 559 2913 navis
573 2844 722 2913 trahunt.
773 2841 874 2928 Inde,
893 2843 990 2914 nullo
1001 2840 1160 2937 juvante,
1184 2843 1239 2915 in-

260 2960 353 3049 fluit,
373 2980 574 3055 oneratque,
598 2962 711 3031 donec
728 2958 928 3031 abscindas:
961 2987 1023 3034 nec
1041 2960 1239 3035 abscindere

262 3102 330 3149 aete
343 3077 474 3148 ferrove
493 3080 614 3172 possis:
635 3076 723 3174 sugit
741 3103 898 3149 cruorem
916 3080 1112 3175 restemque
1130 3080 1239 3154 insec-

263 3215 335 3266 tam
360 3193 536 3291 sanguine,
573 3194 800 3291 quoseminae
820 3198 1027 3291 permenses
1051 3197 1239 3273 exsolvun-

263 3333 340 3385 tur:
362 3317 404 3385 fic
422 3336 549 3385 teteres
567 3317 731 3386 austores.
781 3315 847 3385 Sed
871 3316 970 3411 gnari
995 3318 1151 3389 locorum
1170 3340 1238 3392 tra·

262 3433 366 3519 dunt,
398 3434 567 3503 undantes
598 3431 768 3503 bitumine
795 3435 902 3504 moles
930 3435 1026 3530 pelli,
1060 3462 1239 3533 manuque

263 3550 348 3621 trabi
362 3550 405 3620 ad
424 3550 521 3621 litus:
543 3577 641 3640 nrox,
661 3550 720 3622 ubi
740 3576 869 3645 vapore
887 3572 998 3641 terrae,
1018 3552 1052 3623 vi
1069 3552 1144 3625 solis
1163 3554 1236 3627 ina-

264 3668 404 3756 ruerint,
431 3666 605 3741 securibus
629 3667 827 3765 cuneisquc,
854 3689 893 3742 ut
921 3674 1032 3745 trabes
1060 3691 1119 3745 aut
1142 3672 1237 3764 saxa,

262 3785 414 3859 discindi.
