<?xml version="1.0" encoding="UTF-8"?>
<!DOCTYPE html PUBLIC "-//W3C//DTD XHTML 1.0 Transitional//EN"
    "http://www.w3.org/TR/xhtml1/DTD/xhtml1-transitional.dtd">
<html xmlns="http://www.w3.org/1999/xhtml" xml:lang="en" lang="en">
 <head>
  <title>
</title>
<meta http-equiv="Content-Type" content="text/html;charset=utf-8" />
  <meta name='ocr-system' content='tesseract 3.04.00' />
  <meta name='ocr-capabilities' content='ocr_page ocr_carea ocr_par ocr_line ocrx_word'/>
</head>
<body>
  <div class='ocr_page' id='page_1' title='image "./ccorneliitaciti02ernegoog_0062.png"; bbox 0 0 3000 5144; ppageno 0'>
   <div class='ocr_carea' id='block_1_1' title="bbox 359 588 1153 688">
    <p class='ocr_par' dir='ltr' id='par_1_1' title="bbox 359 588 1153 688">
     <span class='ocr_line' id='line_1_1' title="bbox 359 588 1153 688; baseline 0 -25"><span class='ocrx_word' id='word_1_1' title='bbox 359 588 757 663; x_wconf 72' lang='lat' dir='ltr'>Historiarum</span> <span class='ocrx_word' id='word_1_2' title='bbox 794 591 963 663; x_wconf 74' lang='lat' dir='ltr'>L1n.1.</span> <span class='ocrx_word' id='word_1_3' title='bbox 1110 614 1153 688; x_wconf 79' lang='lat'>53</span> 
     </span>
    </p>
   </div>
   <div class='ocr_carea' id='block_1_2' title="bbox 100 760 1164 4167">
    <p class='ocr_par' dir='ltr' id='par_1_2' title="bbox 100 760 1157 1446">
     <span class='ocr_line' id='line_1_2' title="bbox 189 760 1155 861; baseline 0.006 -30"><span class='ocrx_word' id='word_1_4' title='bbox 189 774 305 831; x_wconf 84' lang='lat' dir='ltr'>tamen</span> <span class='ocrx_word' id='word_1_5' title='bbox 332 760 377 832; x_wconf 87' lang='lat' dir='ltr'>ad</span> <span class='ocrx_word' id='word_1_6' title='bbox 403 780 550 858; x_wconf 85' lang='lat' dir='ltr'>quatuor</span> <span class='ocrx_word' id='word_1_7' title='bbox 565 761 671 835; x_wconf 88' lang='lat' dir='ltr'>millia</span> <span class='ocrx_word' id='word_1_8' title='bbox 687 762 879 835; x_wconf 92' lang='lat' dir='ltr'>hominum.</span> <span class='ocrx_word' id='word_1_9' title='bbox 928 761 1028 861; x_wconf 87' lang='lat' dir='ltr'>Isque</span> <span class='ocrx_word' id='word_1_10' title='bbox 1050 784 1155 837; x_wconf 89' lang='lat' dir='ltr'>terror</span> 
     </span>
     <span class='ocr_line' id='line_1_3' title="bbox 189 877 1155 977; baseline 0.006 -28"><span class='ocrx_word' id='word_1_11' title='bbox 189 878 320 950; x_wconf 88' lang='lat' dir='ltr'>Gallias</span> <span class='ocrx_word' id='word_1_12' title='bbox 340 877 473 968; x_wconf 78' lang='lat' dir='ltr'>invasit,</span> <span class='ocrx_word' id='word_1_13' title='bbox 500 898 540 951; x_wconf 93' lang='lat' dir='ltr'>ut</span> <span class='ocrx_word' id='word_1_14' title='bbox 555 880 705 953; x_wconf 88' lang='lat' dir='ltr'>venienti</span> <span class='ocrx_word' id='word_1_15' title='bbox 726 907 812 953; x_wconf 87' lang='lat' dir='ltr'>mox</span> <span class='ocrx_word' id='word_1_16' title='bbox 834 881 967 977; x_wconf 86' lang='lat' dir='ltr'>agmini</span> <span class='ocrx_word' id='word_1_17' title='bbox 991 880 1155 955; x_wconf 78' lang='lat' dir='ltr'>universae</span> 
     </span>
     <span class='ocr_line' id='line_1_4' title="bbox 188 996 1157 1096; baseline 0.002 -27"><span class='ocrx_word' id='word_1_18' title='bbox 188 996 355 1085; x_wconf 85' lang='lat' dir='ltr'>civitates,</span> <span class='ocrx_word' id='word_1_19' title='bbox 380 1022 463 1069; x_wconf 92' lang='lat' dir='ltr'>cum</span> <span class='ocrx_word' id='word_1_20' title='bbox 484 998 783 1096; x_wconf 85' lang='lat' dir='ltr'>magistratibus&amp;</span> <span class='ocrx_word' id='word_1_21' title='bbox 806 999 978 1094; x_wconf 87' lang='lat' dir='ltr'>precibus,</span> <span class='ocrx_word' id='word_1_22' title='bbox 1000 1025 1157 1072; x_wconf 87' lang='lat' dir='ltr'>occurre-</span> 
     </span>
     <span class='ocr_line' id='line_1_5' title="bbox 188 1113 1155 1213; baseline 0.003 -27"><span class='ocrx_word' id='word_1_23' title='bbox 188 1133 278 1202; x_wconf 91' lang='lat' dir='ltr'>rent,</span> <span class='ocrx_word' id='word_1_24' title='bbox 306 1113 413 1186; x_wconf 87' lang='lat' dir='ltr'>stratis</span> <span class='ocrx_word' id='word_1_25' title='bbox 440 1140 502 1211; x_wconf 89' lang='lat' dir='ltr'>per</span> <span class='ocrx_word' id='word_1_26' title='bbox 525 1115 597 1189; x_wconf 85' lang='lat' dir='ltr'>vias</span> <span class='ocrx_word' id='word_1_27' title='bbox 618 1116 731 1212; x_wconf 88' lang='lat' dir='ltr'>pueris</span> <span class='ocrx_word' id='word_1_28' title='bbox 751 1115 977 1212; x_wconf 85' lang='lat' dir='ltr'>seminisque;</span> <span class='ocrx_word' id='word_1_29' title='bbox 1008 1143 1155 1213; x_wconf 75' lang='lat' dir='ltr'>quaeque</span> 
     </span>
     <span class='ocr_line' id='line_1_6' title="bbox 100 1232 1156 1331; baseline 0.003 -29"><span class='ocrx_word' id='word_1_30' title='bbox 100 1248 103 1259; x_wconf 92' lang='grc'><strong><em>·</em></strong></span> <span class='ocrx_word' id='word_1_31' title='bbox 190 1232 257 1304; x_wconf 90' lang='lat' dir='ltr'>alia</span> <span class='ocrx_word' id='word_1_32' title='bbox 273 1234 488 1329; x_wconf 88' lang='lat' dir='ltr'>placamenta</span> <span class='ocrx_word' id='word_1_33' title='bbox 507 1234 634 1307; x_wconf 85' lang='lat' dir='ltr'>hostilis</span> <span class='ocrx_word' id='word_1_34' title='bbox 650 1234 722 1323; x_wconf 82' lang='lat' dir='ltr'>irae,</span> <span class='ocrx_word' id='word_1_35' title='bbox 751 1259 821 1306; x_wconf 91' lang='lat' dir='ltr'>non</span> <span class='ocrx_word' id='word_1_36' title='bbox 838 1234 980 1331; x_wconf 89' lang='lat' dir='ltr'>quidem</span> <span class='ocrx_word' id='word_1_37' title='bbox 997 1234 1032 1306; x_wconf 92' lang='lat' dir='ltr'>in</span> <span class='ocrx_word' id='word_1_38' title='bbox 1050 1236 1156 1326; x_wconf 80' lang='lat' dir='ltr'>bello,</span> 
     </span>
     <span class='ocr_line' id='line_1_7' title="bbox 187 1348 683 1446; baseline 0.006 -24"><span class='ocrx_word' id='word_1_39' title='bbox 187 1348 244 1422; x_wconf 88' lang='lat' dir='ltr'>sed</span> <span class='ocrx_word' id='word_1_40' title='bbox 261 1375 325 1446; x_wconf 92' lang='lat' dir='ltr'>pro</span> <span class='ocrx_word' id='word_1_41' title='bbox 342 1375 426 1445; x_wconf 91' lang='lat' dir='ltr'>pace</span> <span class='ocrx_word' id='word_1_42' title='bbox 443 1352 683 1425; x_wconf 87' lang='lat' dir='ltr'><strong>tendebantur.</strong></span> 
     </span>
    </p>

    <p class='ocr_par' dir='ltr' id='par_1_3' title="bbox 186 1468 1164 4053">
     <span class='ocr_line' id='line_1_8' title="bbox 234 1468 1156 1568; baseline 0.007 -30"><span class='ocrx_word' id='word_1_43' title='bbox 234 1468 370 1541; x_wconf 90' lang='lat' dir='ltr'><strong>LXIV.</strong></span> <span class='ocrx_word' id='word_1_44' title='bbox 395 1471 596 1542; x_wconf 71' lang='lat' dir='ltr'>Naurum</span> <span class='ocrx_word' id='word_1_45' title='bbox 619 1471 664 1543; x_wconf 90' lang='lat' dir='ltr'>de</span> <span class='ocrx_word' id='word_1_46' title='bbox 681 1473 774 1545; x_wconf 84' lang='lat' dir='ltr'>caede</span> <span class='ocrx_word' id='word_1_47' title='bbox 790 1474 926 1562; x_wconf 79' lang='lat' dir='ltr'>Galbae,</span> <span class='ocrx_word' id='word_1_48' title='bbox 954 1475 987 1543; x_wconf 87' lang='lat'>&amp;</span> <span class='ocrx_word' id='word_1_49' title='bbox 1011 1471 1156 1568; x_wconf 92' lang='lat' dir='ltr'>imperio</span> 
     </span>
     <span class='ocr_line' id='line_1_9' title="bbox 187 1586 1156 1675; baseline 0.005 -18"><span class='ocrx_word' id='word_1_50' title='bbox 187 1586 350 1675; x_wconf 85' lang='lat' dir='ltr'>Othonis,</span> <span class='ocrx_word' id='word_1_51' title='bbox 379 1587 505 1659; x_wconf 81' lang='lat' dir='ltr'>Fabius</span> <span class='ocrx_word' id='word_1_52' title='bbox 527 1590 653 1661; x_wconf 83' lang='lat' dir='ltr'>Valens</span> <span class='ocrx_word' id='word_1_53' title='bbox 669 1589 706 1661; x_wconf 92' lang='lat' dir='ltr'>in</span> <span class='ocrx_word' id='word_1_54' title='bbox 729 1590 865 1662; x_wconf 89' lang='lat' dir='ltr'>civitate</span> <span class='ocrx_word' id='word_1_55' title='bbox 882 1593 1082 1662; x_wconf 87' lang='lat' dir='ltr'>Leucorum</span> <span class='ocrx_word' id='word_1_56' title='bbox 1100 1616 1156 1663; x_wconf 86' lang='lat' dir='ltr'>ac-</span> 
     </span>
     <span class='ocr_line' id='line_1_10' title="bbox 187 1703 1154 1805; baseline 0.004 -30"><span class='ocrx_word' id='word_1_57' title='bbox 187 1703 294 1800; x_wconf 87' lang='lat' dir='ltr'>cepit.</span> <span class='ocrx_word' id='word_1_58' title='bbox 342 1708 420 1778; x_wconf 92' lang='lat' dir='ltr'>Nec</span> <span class='ocrx_word' id='word_1_59' title='bbox 437 1706 590 1779; x_wconf 91' lang='lat' dir='ltr'>militum</span> <span class='ocrx_word' id='word_1_60' title='bbox 606 1707 742 1780; x_wconf 88' lang='lat' dir='ltr'>animus</span> <span class='ocrx_word' id='word_1_61' title='bbox 759 1709 793 1779; x_wconf 91' lang='lat' dir='ltr'>in</span> <span class='ocrx_word' id='word_1_62' title='bbox 811 1708 991 1805; x_wconf 90' lang='lat' dir='ltr'>gaudium,</span> <span class='ocrx_word' id='word_1_63' title='bbox 1011 1728 1070 1780; x_wconf 88' lang='lat' dir='ltr'>aut</span> <span class='ocrx_word' id='word_1_64' title='bbox 1087 1706 1154 1780; x_wconf 90' lang='lat' dir='ltr'>for-</span> 
     </span>
     <span class='ocr_line' id='line_1_11' title="bbox 188 1822 1156 1929; baseline 0.005 -35"><span class='ocrx_word' id='word_1_65' title='bbox 188 1822 356 1895; x_wconf 92' lang='lat' dir='ltr'>midinem</span> <span class='ocrx_word' id='word_1_66' title='bbox 366 1844 560 1920; x_wconf 85' lang='lat' dir='ltr'>permotus:</span> <span class='ocrx_word' id='word_1_67' title='bbox 578 1828 710 1897; x_wconf 91' lang='lat' dir='ltr'>bellum</span> <span class='ocrx_word' id='word_1_68' title='bbox 723 1827 897 1929; x_wconf 82' lang='lat' dir='ltr'>volvebat.</span> <span class='ocrx_word' id='word_1_69' title='bbox 927 1827 1035 1898; x_wconf 88' lang='lat' dir='ltr'>Gallis</span> <span class='ocrx_word' id='word_1_70' title='bbox 1052 1851 1156 1899; x_wconf 90' lang='lat' dir='ltr'>cunc-</span> 
     </span>
     <span class='ocr_line' id='line_1_12' title="bbox 188 1940 1156 2038; baseline 0.006 -26"><span class='ocrx_word' id='word_1_71' title='bbox 188 1940 273 2013; x_wconf 86' lang='lat' dir='ltr'>tatio</span> <span class='ocrx_word' id='word_1_72' title='bbox 289 1964 465 2038; x_wconf 86' lang='lat' dir='ltr'>exempta,</span> <span class='ocrx_word' id='word_1_73' title='bbox 485 1944 522 2014; x_wconf 87' lang='lat'>&amp;</span> <span class='ocrx_word' id='word_1_74' title='bbox 538 1944 573 2015; x_wconf 92' lang='lat' dir='ltr'>in</span> <span class='ocrx_word' id='word_1_75' title='bbox 585 1947 761 2017; x_wconf 88' lang='lat' dir='ltr'>Othonem</span> <span class='ocrx_word' id='word_1_76' title='bbox 779 1970 819 2017; x_wconf 87' lang='lat' dir='ltr'>ac</span> <span class='ocrx_word' id='word_1_77' title='bbox 836 1944 1016 2015; x_wconf 91' lang='lat' dir='ltr'>Vitellium</span> <span class='ocrx_word' id='word_1_78' title='bbox 1033 1944 1156 2018; x_wconf 93' lang='lat' dir='ltr'>odium</span> 
     </span>
     <span class='ocr_line' id='line_1_13' title="bbox 189 2061 1160 2157; baseline 0.003 -26"><span class='ocrx_word' id='word_1_79' title='bbox 189 2085 264 2156; x_wconf 90' lang='lat' dir='ltr'>par,</span> <span class='ocrx_word' id='word_1_80' title='bbox 294 2085 338 2133; x_wconf 83' lang='lat' dir='ltr'>ex</span> <span class='ocrx_word' id='word_1_81' title='bbox 366 2061 505 2134; x_wconf 91' lang='lat' dir='ltr'>Vitellio</span> <span class='ocrx_word' id='word_1_82' title='bbox 535 2065 568 2133; x_wconf 76' lang='grc' dir='ltr'>ὅτ</span> <span class='ocrx_word' id='word_1_83' title='bbox 594 2083 719 2134; x_wconf 87' lang='lat' dir='ltr'>metus.</span> <span class='ocrx_word' id='word_1_84' title='bbox 769 2062 932 2134; x_wconf 85' lang='lat' dir='ltr'>Proxima</span> <span class='ocrx_word' id='word_1_85' title='bbox 955 2062 1160 2157; x_wconf 87' lang='lat' dir='ltr'>Lingonum</span> 
     </span>
     <span class='ocr_line' id='line_1_14' title="bbox 186 2178 1158 2277; baseline 0.001 -26"><span class='ocrx_word' id='word_1_86' title='bbox 186 2178 308 2251; x_wconf 80' lang='lat' dir='ltr'>civitas</span> <span class='ocrx_word' id='word_1_87' title='bbox 333 2200 417 2268; x_wconf 89' lang='lat' dir='ltr'>erat,</span> <span class='ocrx_word' id='word_1_88' title='bbox 441 2181 511 2251; x_wconf 84' lang='lat' dir='ltr'>fida</span> <span class='ocrx_word' id='word_1_89' title='bbox 533 2179 704 2276; x_wconf 82' lang='lat' dir='ltr'>partibus:</span> <span class='ocrx_word' id='word_1_90' title='bbox 733 2180 883 2277; x_wconf 70' lang='lat' dir='ltr'>benigne</span> <span class='ocrx_word' id='word_1_91' title='bbox 908 2181 1056 2277; x_wconf 85' lang='lat' dir='ltr'>excepti,</span> <span class='ocrx_word' id='word_1_92' title='bbox 1082 2207 1158 2252; x_wconf 91' lang='lat' dir='ltr'>mo·</span> 
     </span>
     <span class='ocr_line' id='line_1_15' title="bbox 187 2296 1157 2387; baseline 0.002 -18"><span class='ocrx_word' id='word_1_93' title='bbox 187 2297 297 2369; x_wconf 74' lang='lat' dir='ltr'>uestit</span> <span class='ocrx_word' id='word_1_94' title='bbox 323 2298 513 2369; x_wconf 67' lang='lat' dir='ltr'>certavere:</span> <span class='ocrx_word' id='word_1_95' title='bbox 558 2296 615 2369; x_wconf 89' lang='lat' dir='ltr'>sed</span> <span class='ocrx_word' id='word_1_96' title='bbox 642 2299 753 2371; x_wconf 88' lang='lat' dir='ltr'>brevis</span> <span class='ocrx_word' id='word_1_97' title='bbox 786 2297 901 2371; x_wconf 84' lang='lat' dir='ltr'>laetitia</span> <span class='ocrx_word' id='word_1_98' title='bbox 929 2298 1005 2387; x_wconf 88' lang='lat' dir='ltr'>fuit,</span> <span class='ocrx_word' id='word_1_99' title='bbox 1035 2301 1157 2372; x_wconf 91' lang='lat' dir='ltr'>cohor-</span> 
     </span>
     <span class='ocr_line' id='line_1_16' title="bbox 187 2415 1160 2513; baseline 0.004 -26"><span class='ocrx_word' id='word_1_100' title='bbox 187 2416 278 2489; x_wconf 84' lang='lat' dir='ltr'>tium</span> <span class='ocrx_word' id='word_1_101' title='bbox 295 2415 508 2512; x_wconf 85' lang='lat' dir='ltr'>intemperie,</span> <span class='ocrx_word' id='word_1_102' title='bbox 540 2442 623 2512; x_wconf 87' lang='lat' dir='ltr'>quas</span> <span class='ocrx_word' id='word_1_103' title='bbox 640 2443 660 2488; x_wconf 91' lang='lat' dir='ltr'>a</span> <span class='ocrx_word' id='word_1_104' title='bbox 676 2416 811 2513; x_wconf 85' lang='lat' dir='ltr'>legione</span> <span class='ocrx_word' id='word_1_105' title='bbox 828 2419 1094 2513; x_wconf 69' lang='lat' dir='ltr'>quartadecimd,</span> <span class='ocrx_word' id='word_1_106' title='bbox 1120 2438 1160 2492; x_wconf 93' lang='lat' dir='ltr'>ut</span> 
     </span>
     <span class='ocr_line' id='line_1_17' title="bbox 191 2534 1159 2633; baseline 0.002 -26"><span class='ocrx_word' id='word_1_107' title='bbox 191 2534 291 2631; x_wconf 67' lang='lat' dir='ltr'>supra</span> <span class='ocrx_word' id='word_1_108' title='bbox 315 2534 595 2623; x_wconf 81' lang='lat' dir='ltr'>memoravimus,</span> <span class='ocrx_word' id='word_1_109' title='bbox 622 2536 798 2633; x_wconf 74' lang='lat' dir='ltr'>digressas,</span> <span class='ocrx_word' id='word_1_110' title='bbox 826 2536 989 2609; x_wconf 85' lang='lat' dir='ltr'>exercitui</span> <span class='ocrx_word' id='word_1_111' title='bbox 1011 2536 1072 2609; x_wconf 91' lang='lat' dir='ltr'>suo</span> <span class='ocrx_word' id='word_1_112' title='bbox 1093 2540 1159 2609; x_wconf 91' lang='lat' dir='ltr'>Fa-</span> 
     </span>
     <span class='ocr_line' id='line_1_18' title="bbox 191 2651 1159 2751; baseline 0.001 -25"><span class='ocrx_word' id='word_1_113' title='bbox 191 2653 268 2727; x_wconf 84' lang='lat' dir='ltr'>bius</span> <span class='ocrx_word' id='word_1_114' title='bbox 295 2655 421 2725; x_wconf 88' lang='lat' dir='ltr'>Valens</span> <span class='ocrx_word' id='word_1_115' title='bbox 448 2651 660 2749; x_wconf 85' lang='lat' dir='ltr'>adjunxerat.</span> <span class='ocrx_word' id='word_1_116' title='bbox 710 2653 833 2751; x_wconf 88' lang='lat' dir='ltr'>Jurgia</span> <span class='ocrx_word' id='word_1_117' title='bbox 866 2654 1043 2749; x_wconf 76' lang='lat' dir='ltr'>primum:</span> <span class='ocrx_word' id='word_1_118' title='bbox 1074 2682 1159 2727; x_wconf 87' lang='lat' dir='ltr'>mox</span> 
     </span>
     <span class='ocr_line' id='line_1_19' title="bbox 193 2771 1162 2868; baseline 0 -23"><span class='ocrx_word' id='word_1_119' title='bbox 193 2773 267 2845; x_wconf 85' lang='lat' dir='ltr'>rixa</span> <span class='ocrx_word' id='word_1_120' title='bbox 285 2771 373 2844; x_wconf 91' lang='lat' dir='ltr'>inter</span> <span class='ocrx_word' id='word_1_121' title='bbox 396 2775 542 2844; x_wconf 80' lang='lat' dir='ltr'>Batavos</span> <span class='ocrx_word' id='word_1_122' title='bbox 566 2776 598 2844; x_wconf 69' lang='grc' dir='ltr'>ἃ</span> <span class='ocrx_word' id='word_1_123' title='bbox 621 2771 835 2868; x_wconf 82' lang='lat' dir='ltr'>legionarios.</span> <span class='ocrx_word' id='word_1_124' title='bbox 885 2775 981 2844; x_wconf 89' lang='lat' dir='ltr'>Dum</span> <span class='ocrx_word' id='word_1_125' title='bbox 1008 2773 1072 2861; x_wconf 90' lang='lat' dir='ltr'>his,</span> <span class='ocrx_word' id='word_1_126' title='bbox 1103 2795 1162 2845; x_wconf 86' lang='lat' dir='ltr'>aut</span> 
     </span>
     <span class='ocr_line' id='line_1_20' title="bbox 193 2889 1161 2986; baseline 0 -25"><span class='ocrx_word' id='word_1_127' title='bbox 193 2889 272 2978; x_wconf 88' lang='lat' dir='ltr'>illis,</span> <span class='ocrx_word' id='word_1_128' title='bbox 305 2889 415 2962; x_wconf 86' lang='lat' dir='ltr'>studia</span> <span class='ocrx_word' id='word_1_129' title='bbox 431 2889 582 2962; x_wconf 90' lang='lat' dir='ltr'>militum</span> <span class='ocrx_word' id='word_1_130' title='bbox 608 2911 854 2986; x_wconf 88' lang='lat' dir='ltr'>aggregantur,</span> <span class='ocrx_word' id='word_1_131' title='bbox 884 2892 991 2986; x_wconf 70' lang='lat' dir='ltr'>prope</span> <span class='ocrx_word' id='word_1_132' title='bbox 1010 2892 1043 2961; x_wconf 93' lang='lat' dir='ltr'>in</span> <span class='ocrx_word' id='word_1_133' title='bbox 1069 2917 1161 2986; x_wconf 87' lang='lat' dir='ltr'>proe-</span> 
     </span>
     <span class='ocr_line' id='line_1_21' title="bbox 192 3008 1163 3104; baseline 0.002 -25"><span class='ocrx_word' id='word_1_134' title='bbox 192 3008 278 3081; x_wconf 91' lang='lat' dir='ltr'>lium</span> <span class='ocrx_word' id='word_1_135' title='bbox 295 3008 472 3092; x_wconf 66' lang='lat' dir='ltr'>exarsere3</span> <span class='ocrx_word' id='word_1_136' title='bbox 500 3008 533 3079; x_wconf 91' lang='lat' dir='ltr'>ni</span> <span class='ocrx_word' id='word_1_137' title='bbox 559 3010 700 3095; x_wconf 85' lang='lat' dir='ltr'>Valens,</span> <span class='ocrx_word' id='word_1_138' title='bbox 727 3008 1017 3080; x_wconf 76' lang='lat' dir='ltr'>animadverfione</span> <span class='ocrx_word' id='word_1_139' title='bbox 1035 3036 1163 3104; x_wconf 87' lang='lat' dir='ltr'>pauco-</span> 
     </span>
     <span class='ocr_line' id='line_1_22' title="bbox 192 3126 1160 3223; baseline -0.001 -24"><span class='ocrx_word' id='word_1_140' title='bbox 192 3153 284 3211; x_wconf 88' lang='lat' dir='ltr'>rum,</span> <span class='ocrx_word' id='word_1_141' title='bbox 318 3128 444 3199; x_wconf 90' lang='lat' dir='ltr'>oblitos</span> <span class='ocrx_word' id='word_1_142' title='bbox 477 3126 551 3223; x_wconf 89' lang='lat' dir='ltr'>jam</span> <span class='ocrx_word' id='word_1_143' title='bbox 580 3130 721 3198; x_wconf 80' lang='lat' dir='ltr'>Batavos</span> <span class='ocrx_word' id='word_1_144' title='bbox 752 3126 887 3222; x_wconf 89' lang='lat' dir='ltr'>imperii</span> <span class='ocrx_word' id='word_1_145' title='bbox 921 3127 1160 3199; x_wconf 80' lang='lat' dir='ltr'>admonuisset.</span> 
     </span>
     <span class='ocr_line' id='line_1_23' title="bbox 192 3243 1162 3341; baseline -0.001 -23"><span class='ocrx_word' id='word_1_146' title='bbox 192 3246 327 3319; x_wconf 86' lang='lat' dir='ltr'>Frustra</span> <span class='ocrx_word' id='word_1_147' title='bbox 343 3245 502 3317; x_wconf 80' lang='lat' dir='ltr'>adversus</span> <span class='ocrx_word' id='word_1_148' title='bbox 518 3246 656 3319; x_wconf 86' lang='lat' dir='ltr'>AEduos</span> <span class='ocrx_word' id='word_1_149' title='bbox 670 3248 806 3341; x_wconf 78' lang='lat' dir='ltr'>quaesita</span> <span class='ocrx_word' id='word_1_150' title='bbox 823 3245 903 3316; x_wconf 87' lang='lat' dir='ltr'>belli</span> <span class='ocrx_word' id='word_1_151' title='bbox 922 3243 1029 3316; x_wconf 86' lang='lat' dir='ltr'>causa.</span> <span class='ocrx_word' id='word_1_152' title='bbox 1079 3248 1162 3338; x_wconf 85' lang='lat' dir='ltr'>Juffi</span> 
     </span>
     <span class='ocr_line' id='line_1_24' title="bbox 193 3362 1161 3460; baseline -0.003 -24"><span class='ocrx_word' id='word_1_153' title='bbox 193 3363 421 3460; x_wconf 86' lang='lat' dir='ltr'>“pecuniam</span> <span class='ocrx_word' id='word_1_154' title='bbox 447 3385 550 3459; x_wconf 89' lang='lat' dir='ltr'>atque</span> <span class='ocrx_word' id='word_1_155' title='bbox 576 3389 672 3434; x_wconf 87' lang='lat' dir='ltr'>arma</span> <span class='ocrx_word' id='word_1_156' title='bbox 695 3362 861 3450; x_wconf 86' lang='lat' dir='ltr'>deferre,&#39;’</span> <span class='ocrx_word' id='word_1_157' title='bbox 885 3363 1047 3458; x_wconf 88' lang='lat' dir='ltr'>gratuitos</span> <span class='ocrx_word' id='word_1_158' title='bbox 1073 3362 1161 3434; x_wconf 89' lang='lat' dir='ltr'>insu-</span> 
     </span>
     <span class='ocr_line' id='line_1_25' title="bbox 194 3479 1163 3579; baseline -0.002 -25"><span class='ocrx_word' id='word_1_159' title='bbox 194 3508 256 3579; x_wconf 90' lang='lat' dir='ltr'>per</span> <span class='ocrx_word' id='word_1_160' title='bbox 273 3502 487 3556; x_wconf 86' lang='lat' dir='ltr'>commeatus</span> <span class='ocrx_word' id='word_1_161' title='bbox 505 3483 700 3577; x_wconf 67' lang='lat' dir='ltr'>praebudre:</span> <span class='ocrx_word' id='word_1_162' title='bbox 728 3481 823 3576; x_wconf 89' lang='lat' dir='ltr'>quod</span> <span class='ocrx_word' id='word_1_163' title='bbox 842 3480 949 3551; x_wconf 91' lang='lat' dir='ltr'>AEdui</span> <span class='ocrx_word' id='word_1_164' title='bbox 967 3479 1163 3569; x_wconf 86' lang='lat' dir='ltr'>formidine,</span> 
     </span>
     <span class='ocr_line' id='line_1_26' title="bbox 192 3597 1163 3698; baseline -0.003 -24"><span class='ocrx_word' id='word_1_165' title='bbox 192 3599 443 3698; x_wconf 84' lang='lat' dir='ltr'>Lugdunenses</span> <span class='ocrx_word' id='word_1_166' title='bbox 461 3599 588 3697; x_wconf 86' lang='lat' dir='ltr'>gaudio</span> <span class='ocrx_word' id='word_1_167' title='bbox 606 3597 728 3670; x_wconf 69' lang='lat' dir='ltr'>secere.</span> <span class='ocrx_word' id='word_1_168' title='bbox 778 3599 843 3669; x_wconf 85' lang='lat' dir='ltr'>Sed</span> <span class='ocrx_word' id='word_1_169' title='bbox 870 3597 960 3692; x_wconf 87' lang='lat' dir='ltr'>legio</span> <span class='ocrx_word' id='word_1_170' title='bbox 986 3597 1103 3669; x_wconf 79' lang='lat' dir='ltr'>Italica</span> <span class='ocrx_word' id='word_1_171' title='bbox 1130 3604 1163 3671; x_wconf 75' lang='grc' dir='ltr'>ὅτ</span> 
     </span>
     <span class='ocr_line' id='line_1_27' title="bbox 192 3716 1164 3792; baseline -0.001 -1"><span class='ocrx_word' id='word_1_172' title='bbox 192 3722 246 3791; x_wconf 87' lang='lat' dir='ltr'>ala</span> <span class='ocrx_word' id='word_1_173' title='bbox 259 3720 415 3792; x_wconf 90' lang='lat' dir='ltr'>Taurina</span> <span class='ocrx_word' id='word_1_174' title='bbox 427 3719 593 3790; x_wconf 76' lang='lat' dir='ltr'>abduclae.</span> <span class='ocrx_word' id='word_1_175' title='bbox 644 3718 833 3789; x_wconf 88' lang='lat' dir='ltr'>Cohortem</span> <span class='ocrx_word' id='word_1_176' title='bbox 851 3716 1164 3790; x_wconf 79' lang='lat' dir='ltr'>duodevicesimam</span> 
     </span>
     <span class='ocr_line' id='line_1_28' title="bbox 193 3832 1163 3935; baseline -0.001 -26"><span class='ocrx_word' id='word_1_177' title='bbox 193 3837 376 3935; x_wconf 85' lang='lat' dir='ltr'>Lugduni,</span> <span class='ocrx_word' id='word_1_178' title='bbox 411 3832 515 3908; x_wconf 90' lang='lat' dir='ltr'>solitis</span> <span class='ocrx_word' id='word_1_179' title='bbox 548 3835 607 3907; x_wconf 81' lang='lat' dir='ltr'>sibi</span> <span class='ocrx_word' id='word_1_180' title='bbox 637 3835 803 3923; x_wconf 88' lang='lat' dir='ltr'>hibernis,</span> <span class='ocrx_word' id='word_1_181' title='bbox 842 3834 987 3930; x_wconf 87' lang='lat' dir='ltr'>relinqui</span> <span class='ocrx_word' id='word_1_182' title='bbox 1022 3835 1163 3929; x_wconf 85' lang='lat' dir='ltr'>placuit.</span> 
     </span>
     <span class='ocr_line' id='line_1_29' title="bbox 192 3951 1164 4053; baseline -0.002 -24"><span class='ocrx_word' id='word_1_183' title='bbox 192 3957 348 4030; x_wconf 86' lang='lat' dir='ltr'>Manlius</span> <span class='ocrx_word' id='word_1_184' title='bbox 376 3958 516 4045; x_wconf 82' lang='lat' dir='ltr'>Valens,</span> <span class='ocrx_word' id='word_1_185' title='bbox 544 3956 674 4053; x_wconf 90' lang='lat' dir='ltr'>legatus</span> <span class='ocrx_word' id='word_1_186' title='bbox 700 3953 825 4027; x_wconf 76' lang='lat' dir='ltr'>Italicae</span> <span class='ocrx_word' id='word_1_187' title='bbox 854 3951 1011 4050; x_wconf 81' lang='lat' dir='ltr'>legionis,</span> <span class='ocrx_word' id='word_1_188' title='bbox 1043 3979 1164 4052; x_wconf 85' lang='lat' dir='ltr'>quam·</span> 
     </span>
    </p>

    <p class='ocr_par' dir='ltr' id='par_1_4' title="bbox 660 4074 729 4167">
     <span class='ocr_line' id='line_1_30' title="bbox 660 4074 729 4167; baseline 0 0"><span class='ocrx_word' id='word_1_189' title='bbox 660 4074 729 4167; x_wconf 79' lang='lat' dir='ltr'>Ea</span> 
     </span>
    </p>
   </div>
   <div class='ocr_carea' id='block_1_3' title="bbox 0 0 1507 5144">
    <p class='ocr_par' dir='ltr' id='par_1_5' title="bbox 0 0 1507 5144">
     <span class='ocr_line' id='line_1_31' title="bbox 0 0 1507 5144; baseline 0 0"><span class='ocrx_word' id='word_1_190' title='bbox 0 0 1507 5144; x_wconf 95' lang='lat' dir='ltr'> </span> 
     </span>
    </p>
   </div>
  </div>
 </body>
</html>
