3000 5144
388 522 637 595 Drntoous
676 544 731 593 nn
768 523 1092 595 Oruronruns.
1190 547 1236 621 29

271 689 436 764 Coelianis
460 692 700 766 orationibus?
730 718 855 790 nempe
871 696 924 766 hae
951 696 1100 790 placent,
1128 696 1240 765 sinon

270 808 452 900 universae,
477 832 511 883 at
536 834 648 907 partes
674 837 807 901 earum,
829 813 864 883 in
887 813 1012 908 quibus
1034 814 1179 885 nitorem
1203 813 1242 883 dc

269 929 486 1002 altitudinem
513 932 639 1002 horum
664 950 864 1025 temporum
885 931 1113 1026 agnoscimus.
1161 933 1240 1005 Sor·

269 1048 329 1119 des
347 1069 463 1120 autem
482 1051 679 1136 verborum,
703 1049 740 1118 &
764 1049 860 1122 hians
878 1050 1096 1144 composrti0,
1123 1051 1160 1121 &
1185 1051 1240 1123 in·

269 1167 400 1238 conditi
424 1165 535 1239 sensus
557 1168 714 1239 redolent
736 1167 998 1263 antiquitatem:
1030 1193 1094 1240 nec
1117 1195 1240 1266 quem-

269 1311 376 1381 quam
405 1285 494 1370 adei)
522 1285 752 1382 antiquarium
775 1307 873 1383 putu,
897 1307 936 1359 ut
952 1288 1105 1361 Coelium
1131 1313 1176 1360 ex
1202 1292 1242 1362 eb

269 1408 365 1499 p'arte
382 1406 510 1493 laudet,
532 1407 600 1500 qua
615 1405 777 1500 antiquus
795 1407 855 1478 est.
904 1408 1146 1478 Concedamus
1162 1406 1241 1479 san&

268 1524 310 1594 C.
327 1522 463 1611 Caesari,
481 1544 519 1595 ut
541 1544 678 1619 propter
695 1524 971 1621 magnitudinem
989 1524 1241 1622 cogitationum

266 1640 304 1711 &
332 1641 579 1738 occupationes
597 1668 722 1731 rerum,
752 1643 866 1714 minus
891 1642 925 1713 in
944 1643 1141 1739 eloquentia
1157 1646 1239 1717 effe·

265 1761 364 1849 cerit,
393 1761 501 1856 quam
529 1760 689 1834 divinum
718 1759 789 1858 ejus
812 1761 992 1857 ingenium
1021 1762 1238 1857 postulabat:

265 1898 337 1951 tam
355 1879 507 1967 hercule,
525 1880 632 1973 quam
649 1882 796 1952 Brutum
814 1878 1038 1975 philosophiae
1056 1880 1121 1954 suae
1138 1883 1240 1955 relin-

265 2023 424 2094 quamus.
474 1999 569 2070 Nam
589 1997 623 2068 in
642 1997 855 2071 orationibus
873 1997 1042 2071 minorem
1059 2002 1125 2071 elle
1148 1999 1241 2074 fama

263 2116 334 2204 sua,
365 2117 470 2189 etiam
504 2116 727 2189 admiratores
754 2115 824 2214 ejus
857 2116 1024 2189 fatentur:
1060 2117 1121 2190 nifi
1149 2116 1239 2190 forte

265 2235 447 2333 quisquam
479 2256 538 2307 aut
569 2234 706 2307 Caesaris
739 2260 803 2331 pro
835 2235 945 2308 Decio
978 2237 1144 2326 Samnite,
1180 2256 1240 2310 aut

264 2356 356 2428 Bruti
374 2380 439 2451 pro
456 2352 621 2451 Dejotaro
637 2378 732 2451 rege,
760 2355 956 2451 ceterosque
973 2353 1123 2452 ejusdem
1140 2357 1239 2430 lenti·

261 2475 389 2546 tudinis
406 2499 446 2546 ac
468 2472 593 2568 teporis
615 2472 721 2544 libros
742 2474 840 2570 legit,
870 2473 929 2547 nisi
949 2473 1060 2571 qui&
1085 2476 1239 2549 carmina

261 2593 467 2664 eorumdem
491 2589 655 2662 miratur:
682 2588 836 2664 fecerunt
857 2593 949 2664 enim
965 2593 1002 2663 ἃ
1019 2596 1183 2686 carmina,
1202 2595 1241 2665 dc

260 2709 297 2781 in
312 2710 535 2783 bibliothecas
545 2710 746 2797 retulerunt,
762 2735 831 2781 non
846 2710 968 2782 melitis
981 2711 1088 2806 quiam
1102 2713 1238 2802 Cicero,

261 2847 297 2899 at
313 2827 459 2916 felicilrs,
478 2827 560 2924 quia
576 2826 651 2898 illos
666 2826 781 2900 feciffe
799 2827 975 2923 pauciores
989 2827 1109 2902 sciunt.
1160 2836 1237 2905 Afi-

262 2946 340 3019 nius
362 2971 517 3044 quoque,
542 2971 756 3042 quamquam
780 2946 999 3042 propioribus
1023 2949 1238 3044 temporibus

262 3085 361 3137 natus
386 3069 437 3155 sit,
463 3067 601 3138 videtur
616 3064 703 3138 mihi
729 3065 816 3138 inter
842 3065 1026 3139 Menenios
1043 3067 1081 3138 δε
1098 3068 1236 3163 Appios

261 3182 437 3256 studuiffe.
487 3184 679 3256 Pacuvium
698 3184 802 3273 certd,
831 3184 869 3255 δε
895 3184 1059 3273 Accium,
1084 3213 1156 3259 non
1183 3186 1235 3260 so·

261 3303 337 3374 llam
354 3302 547 3398 tragoediis,
575 3302 753 3375 sedetiam
775 3303 987 3376 orationibus
1012 3303 1076 3377 suis
1098 3306 1235 3402 expres-

261 3424 322 3494 sit:
350 3421 437 3493 adeb
454 3423 559 3494 durus
575 3422 612 3492 δι
637 3425 742 3494 siccus
758 3422 817 3494 est.
866 3422 989 3495 Oratio
1005 3444 1135 3512 autem,
1155 3428 1239 3498 sicut

261 3564 385 3634 corpus
396 3540 558 3628 hominis,
573 3565 613 3613 ea
629 3528 772 3612 demum
791 3543 934 3635 pulchra
946 3542 1006 3629 est,
1025 3540 1061 3614 in
1080 3545 1147 3637 qua
1164 3567 1235 3614 non

260 3656 415 3752 eminent
431 3684 543 3748 venae,
563 3684 625 3732 nec
641 3661 710 3731 offa
726 3680 966 3747 numerantur,
983 3657 1041 3731 sed
1065 3680 1233 3756 tempera-

260 3794 369 3848 tusae
392 3777 504 3850 bonus
527 3775 664 3874 sanguis
688 3777 809 3874 implet
827 3781 999 3868 membra,
1030 3778 1234 3878 &exsurgit

258 3893 353 3986 toris,
380 3893 536 3995 ipsosque
559 3922 683 3971 nervos
705 3898 812 3971 rubor
834 3896 919 3995 tegit
947 3896 983 3969 δι
1009 3896 1114 3972 decor
1134 3924 1232 3974 com·
