3000 5144
385 531 635 624 Dtaaoous
674 560 729 625 na
766 554 1089 626 Onnrontnus.
1187 574 1229 651 51

265 737 320 794 tus
346 720 492 818 legatur,
520 720 674 818 exceptis
695 719 904 796 orationibus
933 724 1055 814 Annii,
1078 748 1156 819 quae
1179 742 1238 818 pro

263 840 423 911 heredibus
450 840 589 912 Urbiniae
607 840 848 929 inscribuntur,
873 846 917 915 ab
934 842 1005 938 ipso
1019 862 1136 915 tamen
1154 843 1235 913 Pol·

264 957 357 1030 lione
373 956 495 1030 mediis
508 958 581 1030 divi
600 960 750 1056 Augusti
768 962 977 1057 temporibus
990 961 1129 1049 habitae,
1147 961 1237 1056 post·

265 1101 372 1172 quam
385 1078 490 1174 longa
503 1096 702 1172 temporum
716 1080 826 1174 quies,
847 1084 882 1151 δε
899 1079 1104 1152 continuum
1118 1079 1238 1174 populi

262 1194 389 1284 otium,
418 1195 455 1265 &
472 1196 600 1268 affidua
620 1194 751 1269 senatits
773 1197 1013 1294 tranquillitas,
1040 1197 1237 1269 &maximi

263 1312 434 1410 Principis
458 1313 649 1411 disciplina,
681 1315 790 1412 ipsam
819 1342 959 1414 quoque
987 1316 1235 1414 eloquentiam,

263 1434 348 1503 ficut
366 1432 483 1504 omnia
498 1433 577 1522 alia,
596 1439 800 1531 pacaverat?

311 1551 489 1625 XXXIX.
514 1555 686 1626 Pnnvutu
716 1557 750 1626 &
777 1553 960 1628 ridiculum
981 1553 1116 1627 sortasse
1141 1552 1237 1627 vide·

262 1666 371 1758 bitur,
391 1674 488 1766 quod
504 1670 657 1744 dietums
672 1672 760 1762 sum,
785 1671 902 1746 dicam
918 1692 1049 1762 tamen,
1074 1673 1128 1744 vel
1143 1671 1237 1761 ideo,

263 1807 302 1860 ut
328 1788 489 1861 rideatur.
537 1794 719 1887 Quantum
747 1791 949 1864 humilitatis
978 1809 1140 1887 putamus
1166 1793 1240 1862 elo·

263 1906 415 2002 quentia
441 1910 586 1982 attulisse
611 1911 751 2006 penulas
767 1909 859 1998 istas,
886 1908 1011 2005 quibus
1032 1909 1184 1983 adstrirli
1202 1913 1238 1983 δι

263 2027 358 2098 velut
374 2027 492 2101 inclusi
516 2054 599 2103 cum
621 2027 799 2125 judicibus
814 2028 1036 2102 fabulamur?
1068 2047 1238 2123 quantum

262 2144 389 2218 virium
422 2148 602 2221 detraxisse
634 2145 779 2220 orationi
805 2146 974 2219 auditoria
1006 2150 1040 2220 ὅτ
1073 2145 1240 2220 tabularia

262 2264 447 2355 credimus,
466 2265 503 2337 in
522 2268 647 2363 quibus
656 2265 732 2363 jam
745 2264 814 2338 fere
832 2264 1110 2363 plurimaecausae
1126 2264 1239 2361 expli·

261 2389 411 2456 cantur?
463 2387 558 2458 Nam
575 2386 755 2482 quomodo
780 2385 914 2458 nobiles
940 2411 1049 2482 equos
1073 2383 1238 2458 cursus&

260 2501 366 2599 spatia
391 2505 560 2598 probant3
587 2507 631 2576 fic
654 2504 704 2577 est
729 2504 852 2600 aliquis
877 2524 1054 2577 oratorum
1079 2529 1237 2600 campus,

262 2645 445 2717 perquem
463 2620 523 2694 nifi
549 2621 646 2696 liberi
664 2623 700 2693 &
718 2621 818 2695 soluti
843 2619 1008 2710 ferantur,
1035 2621 1238 2694 debilitatur

261 2765 302 2812 ac
328 2737 497 2837 frangitur
520 2741 727 2839 eloquentia.
776 2739 889 2837 Ipsam
907 2739 1103 2836 quinimmo
1121 2765 1239 2813 curam

262 2860 299 2932 &
327 2859 504 2958 diligentis
531 2859 608 2957 styli
634 2860 843 2934 anxietatem
867 2856 1074 2930 contrariam
1103 2857 1239 2954 experi-

262 3006 364 3053 mur:
397 2978 477 3076 quia
504 2979 592 3077 saepe
618 2979 804 3074 interrogat
815 2976 951 3075 judex3
982 2978 1124 3072 quando
1150 2976 1237 3050 inci·

261 3099 353 3196 pias:
390 3098 427 3170 &
455 3124 499 3172 ex
528 3097 795 3195 interrogatione
818 3095 889 3193 ejus
915 3095 1153 3192 incipiendum
1177 3097 1238 3170 est.

261 3221 474 3315 Frequenter
491 3216 751 3315 probationibus
769 3220 802 3287 δι
821 3215 976 3303 testibus,
991 3216 1161 3289 silentium
1175 3243 1235 3312 pa·

262 3357 381 3411 tronus
397 3338 535 3412 indicit:
561 3363 650 3410 unus
667 3335 755 3407 inter
773 3336 846 3407 haec
863 3333 993 3408 dicenti
1018 3360 1057 3408 ac
1075 3337 1160 3408 alter
1175 3335 1236 3406 ad·

262 3456 354 3545 sistit,
367 3456 404 3526 &
422 3481 473 3528 res
490 3457 586 3528 velut
600 3454 635 3526 in
648 3453 829 3526 solitudine
846 3453 972 3550 agitur.
1021 3452 1158 3527 Oratori
1174 3479 1236 3525 au-

262 3594 334 3648 tem
353 3578 504 3647 clamore
523 3573 711 3669 plausuque
728 3598 816 3669 opus
832 3571 895 3661 est,
914 3570 951 3642 &
968 3572 1063 3643 velut
1081 3571 1237 3667 quodam

261 3696 413 3768 theatro:
433 3691 549 3788 qualia
565 3691 720 3788 quotidie
733 3691 881 3787 antiquis
898 3688 1088 3763 oratoribus
1100 3689 1236 3761 contin,

264 3815 416 3911 gebant:
436 3811 518 3882 cnm
536 3829 588 3881 tot
606 3809 728 3906 pariter
741 3836 780 3884 ac
797 3829 870 3883 tarn
887 3808 1022 3882 nobiles
1044 3805 1159 3880 forum
1175 3833 1236 3880 co·

261 3934 433 4008 amarent
451 3958 459 4004 ε
479 3928 561 4004 ciam
573 3928 739 4003 clientelae
757 3953 915 4028 quoque,
932 3930 965 4001 δι
983 3924 1103 4018 tribus,
1121 3925 1236 4001 muni·

749 4048 781 4119 E
806 4072 828 4119 2
