3000 5144
413 569 1045 646 Hrsr0n1nnuan1u.Ill.
1144 594 1212 670 217

244 750 314 822 bat.
374 746 586 844 Aspernante
609 746 760 836 consule,
786 747 1064 835 reclamantibus,
1092 747 1152 843 qui
1179 747 1214 819 in

244 868 414 939 concione
436 866 647 954 adstiterant,
683 889 720 938 ur
745 868 780 939 in
804 869 878 939 aede
901 867 1105 938 Concordiae
1128 869 1217 961 posi·

245 1006 340 1058 rums
364 986 508 1082 insignia
529 986 677 1079 imperii,
710 988 928 1082 domumque
955 981 1066 1055 fratris
1094 986 1218 1079 petitu·

246 1130 315 1192 rus,
341 1104 495 1176 discessit.
545 1102 661 1199 Major
683 1106 741 1176 hic
760 1107 890 1176 clamor
908 1102 1142 1175 obsistentium
1157 1126 1217 1199 pe-

247 1223 381 1294 natibus
407 1222 561 1317 privatiS,
592 1229 619 1262 “
639 1222 674 1293 in
694 1223 885 1317 palatium''
909 1222 1135 1295 vocantium:
1166 1222 1217 1293 in·

247 1339 432 1413 terclusum
450 1341 542 1412 aliud
560 1340 635 1427 iter,
665 1341 770 1437 idque
787 1340 909 1428 solum,
931 1341 1027 1436 quod
1040 1340 1075 1411 in
1091 1340 1220 1413 sacram

247 1460 339 1531 viam
363 1481 533 1557 pergeret,
557 1462 712 1554 patebat:
733 1481 807 1532 tum
830 1459 958 1533 consilii
974 1458 1086 1554 inops,
1104 1459 1140 1530 in
1158 1483 1218 1556 pa·

247 1579 368 1649 latium
391 1580 499 1651 rediit.

293 1699 430 1769 LXIX.
456 1700 738 1770 Pnffivaumrnr
771 1723 903 1786 rumor,
936 1695 1101 1793 “ejurari
1120 1699 1220 1770 abeo

250 1823 278 1859 “
298 1815 481 1910 imperium
497 1816 533 1886 :''
562 1814 804 1912 scripseratque
831 1816 971 1889 Flavius
995 1817 1138 1889 Sabinus
1162 1840 1221 1888 co-

250 1934 400 2006 hortium
418 1934 576 2023 tribunis,
605 1944 630 1976 “
650 1955 687 2007 ut
703 1936 846 2007 militem
865 1934 1101 2007 cohiberent.''
1149 1934 1221 2032 lgi-

251 2075 306 2126 tur
323 2074 502 2148 tamquam
519 2052 633 2125 omnis
651 2052 839 2148 respublica
856 2053 891 2124 in
908 2051 1098 2148 Vespasiani
1112 2056 1222 2126 sinum

250 2174 403 2261 cessisset,
440 2171 604 2266 primores
637 2170 783 2259 senatus,
816 2178 849 2244 δι
880 2171 1033 2268 plerique
1061 2172 1223 2269 equestris

248 2289 389 2378 ordinis,
414 2288 593 2385 omnisque
620 2290 717 2362 miles
742 2293 919 2379 Urbanus,
947 2296 980 2362 &
999 2290 1133 2386 vigiles,
1157 2291 1222 2363 do·

250 2436 348 2481 mum
375 2408 485 2480 Flavii
508 2408 624 2481 Sabini
650 2411 895 2505 complevere:
932 2409 1013 2481 illuc
1037 2412 1082 2482 de
1103 2409 1222 2482 studiis

253 2528 364 2624 vulgi,
400 2528 559 2600 &minis
583 2529 869 2602 Germanicarum
897 2529 1090 2602 cohortium
1124 2529 1223 2601 affer·

252 2667 317 2719 tur.
367 2646 526 2743 Longius
546 2645 620 2742 jam
648 2652 841 2744 progressus
864 2667 947 2737 erat,
977 2649 1085 2745 quim
1106 2669 1144 2720 ut
1171 2673 1222 2720 re·

252 2764 349 2859 gredi
378 2767 508 2859 posset:
539 2766 656 2839 &suo
683 2767 827 2863 quisque
851 2788 958 2856 metu,
984 2791 1028 2837 ne
1052 2764 1223 2861 disjedos,

249 2884 361 2979 edque
401 2884 513 2957 minlrs
545 2885 691 2975 validos,
726 2885 899 2957 Vitelliani
937 2883 1221 2973 consedarentur,

251 3005 471 3075 cunelantem
495 3003 530 3075 in
559 3030 654 3076 arma
687 3004 922 3101 impellebant.
972 3005 1038 3077 Sed
1065 3006 1160 3100 quod
1188 3003 1222 3075 in

253 3120 420 3218 ejusmodi
444 3124 545 3194 rebus
562 3123 699 3211 accidit,
725 3124 903 3195 confilium
926 3126 971 3197 ab
987 3123 1147 3196 omnibus
1161 3124 1222 3194 da-

253 3264 327 3313 tum
344 3242 403 3329 est,
433 3241 625 3337 periculum
644 3242 746 3338 pauci
764 3242 945 3338 sumpsere.
994 3243 1092 3314 Circa
1111 3244 1224 3315 lacum

255 3360 429 3448 Fundani,
460 3359 759 3450 descendentibus,
797 3363 855 3456 qui
885 3361 1049 3434 Sabinum
1079 3361 1223 3434 comita·

255 3483 392 3566 bantur,
421 3482 573 3569 armatis,
600 3500 785 3554 occurrunt
804 3480 1053 3575 promptissimi.
1102 3480 1224 3552 Modi-

254 3624 336 3670 cum
352 3598 400 3669 ibi
419 3600 594 3694 proelium,
622 3598 806 3696 improviso
823 3599 986 3685 tumultu,
1012 3597 1068 3670 sed
1086 3595 1223 3692 prospe-

254 3742 332 3789 rum
349 3715 536 3790 Vitellianis
554 3718 626 3791 fuit.
675 3720 833 3808 Sabinus,
852 3744 887 3790 re
904 3718 1049 3813 trepidlr,
1063 3718 1156 3813 quod
1170 3738 1224 3789 tu·

256 3835 420 3907 tisfimum
454 3863 473 3908 e
507 3838 741 3932 praesentibus,
773 3863 888 3910 arcem
917 3836 1077 3933 Capitolii
1106 3834 1224 3909 insedit

254 3954 375 4043 milite,
418 3960 451 4028 δι
491 3955 697 4052 quibusdam
738 3956 933 4030 senatorum
973 3958 1198 4053 equitumque
1210 3986 1222 4043 ;
