3000 5144
409 488 815 605 Hrssonrnnun
848 530 961 605 Lra.
993 530 1040 606 Il.
1160 532 1204 630 83

225 709 254 747 “
272 701 371 791 mari,
397 704 465 776 huc
489 702 678 799 adpulsam.
727 704 793 775 Sed
820 702 995 777 scientiam
1023 722 1202 801 artemque

224 831 252 866 “
271 821 490 919 haruspicum
511 821 672 910 accitam,
701 825 734 894 δι
763 823 909 896 Cilicem
931 823 1134 898 Thamiram
1151 823 1204 895 in·

226 947 256 985 ‘¹
272 942 394 1015 ruliffe.
445 945 565 1037 Atque
583 941 627 1012 ita
644 942 798 1036 padum,
816 962 855 1013 ut
877 940 1018 1014 familiae
1030 942 1204 1039 utriusque

225 1068 253 1104 “
272 1060 398 1156 posteri
416 1058 619 1132 caerimoniis
644 1060 891 1155 praesrderent.”
940 1062 1047 1148 Mox,
1071 1085 1115 1132 ne
1137 1063 1202 1132 ho·

224 1205 307 1252 nore
349 1181 446 1253 nullo
491 1179 626 1276 regium
667 1203 775 1276 genus
809 1179 1028 1277 peregrinam
1062 1179 1204 1276 stirpem

225 1300 456 1388 antecelleret,
486 1297 572 1395 ipsas,
599 1324 706 1395 quam
732 1298 928 1388 intulerant,
958 1296 1097 1371 scientias
1126 1297 1203 1371 hos·

198 1417 312 1518 'pites
357 1417 506 1490 cessere:
544 1417 680 1490 tantiam
708 1417 896 1513 Cinyrades
934 1417 1089 1490 sacerdos
1119 1442 1206 1489 con-

223 1534 355 1609 sulitur.
406 1536 558 1625 Hostiae,
592 1556 630 1608 ut
668 1535 810 1633 quisque
839 1537 961 1621 vovit3
1006 1528 1063 1608 sed
1082 1549 1204 1610 ‘mares

223 1654 434 1752 deliguntur.
475 1655 664 1728 Certissima
677 1656 763 1729 fides
775 1658 957 1757 haedorum
974 1655 1078 1729 fibris.
1120 1658 1205 1729 San·

226 1773 368 1871 guinem
389 1800 457 1847 arae
482 1773 675 1848 obfundere
691 1775 861 1849 vetitum:
895 1775 1050 1872 precibus
1070 1779 1104 1847 δε
1121 1775 1203 1872 igne

225 1918 315 1988 puro
332 1892 451 1967 altaria
467 1893 663 1984 adolentur,
681 1919 745 1967 nec
762 1895 841 1967 ullis
865 1894 1050 1984 imbribus,
1080 1921 1202 1991 quam·
1236 1961 1240 1968 .

226 2036 335 2108 quam
367 2011 403 2084 in
437 2034 570 2109 apert0,
606 2011 818 2087 madescunt.
868 2013 1096 2085 Simulacrum
1128 2015 1204 2087 deae

224 2155 298 2205 non
315 2131 430 2230 effigie
451 2133 603 2204 humana
620 2161 629 2205 ε
654 2132 838 2207 continuus
862 2130 955 2204 orbis
971 2130 1089 2204 latiore
1105 2131 1204 2206 initio

224 2268 364 2325 tenuem
392 2251 428 2324 in
445 2253 633 2342 ambitum,
659 2272 762 2327 metae
780 2255 903 2345 mod0,
932 2253 1141 2351 exsurgens:
1170 2255 1205 2328 δι

225 2371 312 2445 ratio
329 2371 365 2443 in
383 2369 538 2447 obscuro.

272 2493 336 2564 lv.
360 2493 499 2581 T1sus,
525 2489 673 2588 spedatb
689 2493 864 2589 opulentias
881 2493 1048 2591 donisque
1064 2517 1202 2592 regum,

223 2636 375 2709 quaeque
401 2610 468 2685 alia
490 2614 611 2685 laetum
637 2611 898 2708 antiquitatibus
914 2616 1119 2687 Graecorum
1144 2638 1205 2711 ge·

225 2756 292 2804 nus
319 2729 456 2804 incertae
480 2730 639 2803 vetustati
665 2730 826 2828 adfingit,
862 2738 890 2774 “
915 2732 961 2803 de
984 2730 1206 2829 navigatione

228 2857 257 2893 “
276 2849 455 2946 primism'’
473 2847 655 2923 consuluit.
704 2850 892 2948 Postquam
922 2851 1070 2946 “pandi
1096 2851 1204 2941 viam,

228 2975 256 3013 “
277 2973 310 3043 81
329 2994 423 3044 mare
441 2969 661 3066 prosperum’'
685 2969 833 3065 accepit,
851 2971 896 3042 de
914 2968 946 3042 se
964 2995 1025 3067 per
1041 2971 1206 3068 ambages

115 3107 118 3116 ·
227 3087 429 3186 interrogat,
460 3092 552 3162 caefis
578 3088 815 3185 compluribus
842 3089 972 3162 hostiis.
1021 3089 1203 3181 Sostratus,

227 3205 406 3281 sacerdotis
428 3208 464 3281 id
483 3234 611 3282 nomen
628 3227 713 3297 erat,
740 3208 800 3281 ubi
818 3210 896 3280 laeta
920 3213 954 3282 δι
983 3210 1209 3306 congruentia

226 3348 323 3418 exta,
361 3327 565 3426 magnisque
587 3325 758 3401 consultis
787 3352 936 3400 annuere
961 3328 1064 3401 deam
1097 3327 1206 3418 videt,

228 3471 340 3544 pauca
358 3446 394 3518 in
411 3445 604 3544 praesens&
622 3444 718 3519 solita
733 3445 955 3542 respondens,
979 3445 1086 3543 petito
1102 3445 1209 3519 secre-

227 3585 280 3656 to,
297 3565 413 3638 futura
432 3566 552 3663 aperit.
601 3565 719 3655 Titus,
740 3567 840 3638 audo
856 3565 986 3657 anim0,
1014 3565 1057 3639 ad
1077 3584 1209 3661 patrem

230 3686 425 3782 pervestus,
459 3683 619 3782 suspenfis
649 3684 903 3782 provinciamm
932 3685 1210 3758 &exercituum

232 3802 423 3892 mentibus,
441 3803 564 3901 ingens
581 3828 696 3877 rerum
713 3804 842 3877 fiducia
853 3807 997 3878 acceffit.
1039 3804 1210 3902 Profliga-

226 3941 329 3994 verat
346 3922 477 3995 bellurn
490 3922 677 4017 Judaicum
694 3921 929 4019 Vespasranus,
952 3923 1212 4021 oppugnatione

705 4041 739 4112 G
767 4067 786 4137 3
1015 4047 1020 4055 ’
