3000 5144
258 601 327 694 246
463 602 804 679 C-Conrrnrrr
840 601 1051 675 Tnerrr

260 770 380 844 studiis
401 771 667 867 accipiebantur.
717 772 809 844 Vicit
834 797 927 869 pars,
956 797 1035 868 quae
1052 769 1163 845 sortiri
1180 771 1229 843 le-

261 910 359 985 gatos
375 892 536 979 malebat,
567 891 670 963 etiam
687 890 809 965 mediis
838 909 975 986 [latrum
998 887 1233 963 adnitentibus

260 1007 404 1080 retinere
431 1033 575 1081 morem.
626 993 673 1081 'Et
694 1006 979 1104 splendidissimus
1001 1007 1146 1105 quisque
1173 1031 1235 1083 eo·

259 1127 341 1201 dem
359 1125 557 1213 inclinabat,
576 1147 672 1199 metu
690 1126 827 1201 invidia
843 1130 867 1201 si
884 1126 942 1223 ipsr
964 1108 1185 1224 eligerentur.

308 1245 374 1319 lX.
400 1245 582 1319 Securum
611 1243 705 1319 aliud
728 1264 913 1318 certamen.
962 1245 1125 1318 Praetores
1149 1267 1234 1315 aera·

260 1362 302 1440 rii
333 1365 434 1456 (narn
459 1382 535 1437 tum
558 1388 579 1435 a
600 1362 800 1458 praetoribus
824 1364 1029 1436 tradebatur
1055 1360 1263 1454 serarium>-

265 1480 492 1578 “publicam
509 1484 768 1576 paupertatem”
797 1481 918 1577 questi,
948 1488 974 1523 “
995 1481 1141 1553 modurn
1167 1479 1235 1553 im·

262 1606 290 1645 “
310 1602 440 1695 pensrs”
459 1599 720 1695 postulaverant.
771 1601 860 1673 Eam
887 1623 1007 1675 curam
1030 1597 1149 1671 consul
1171 1598 1236 1670 de·

263 1721 427 1815 fignatus,
447 1720 494 1790 ob
511 1716 787 1815 magnitudinem
805 1716 931 1807 oneris,
955 1721 987 1791 δι
1007 1715 1153 1799 remedii
1165 1714 1236 1788 dis·

262 1838 468 1924 ficultatem,
497 1834 649 1932 Principi
665 1833 867 1909 reservabat.
917 1833 1119 1923 Helvidius,
1137 1842 1164 1877 “
1179 1859 1236 1907 ar-

265 1962 292 2001 “
311 1956 414 2031 bitrio
441 1953 574 2028 senatsrs
599 1954 796 2050 agendum”
819 1952 960 2026 censuit.
1008 1953 1105 2032 Cum
1119 1977 1235 2048 perro·

263 2095 383 2172 garenr
409 2072 588 2148 sententias
610 2069 777 2161 consules,
802 2070 980 2144 Vulcatius
1002 2070 1234 2160 Tertullinus,

211 2173 213 2177 ‚
261 2192 419 2266 tribunus
444 2192 567 2286 plebis,
595 2190 787 2279 intercessit,
818 2197 845 2233 “
861 2214 905 2263 ne
921 2188 1008 2287 quid
1024 2187 1120 2284 super
1140 2193 1238 2264 tants

264 2315 292 2350 “
310 2333 360 2393 re,
394 2307 554 2402 Principe
582 2306 732 2396 absente,
758 2308 994 2382 statueretur.''
1051 2307 1236 2382 Censuerat

261 2423 466 2514 Helvidius,
490 2445 529 2497 ut
558 2432 585 2467 “
603 2424 815 2521 Capitolium
832 2425 971 2521 publice
988 2425 1232 2515 restitueretur,

265 2541 489 2639 “adjuvaret
512 2542 766 2640 Vespasianus.”
817 2548 908 2617 Eam
935 2542 1136 2618 sententiam
1157 2569 1238 2619 rno-

261 2662 462 2737 destissrmus
486 2660 629 2760 quisque
653 2662 797 2751 silentio,
825 2662 951 2737 deinde
974 2662 1105 2735 oblivio
1129 2662 1235 2737 trans-

264 2781 377 2857 misit:
405 2779 514 2869 fuere,
532 2779 595 2877 qui
613 2785 645 2854 δι
662 2780 903 2854 meminissent.

312 2903 360 2972 X.
384 2900 480 2973 Tum
498 2901 651 2972 investus
664 2900 712 2972 est
725 2899 905 2973 Musonius
919 2899 1034 2977 Rufus
1046 2900 1083 2974 in
1101 2908 1128 2943 “
1139 2903 1235 2975 Pub-

267 3025 294 3068 ‘⁴
311 3019 398 3091 lium
415 3021 588 3106 Celerem,
606 3044 626 3090 a
643 3043 713 3112 quo
729 3021 870 3091 Baream
886 3021 1055 3091 Soranum
1072 3017 1158 3092 falso
1170 3018 1235 3092 tes-

269 3137 457 3211 “timonio
485 3137 781 3209 circumventum'
810 3140 985 3233 arguebat.
1037 3140 1089 3211 Es
1113 3137 1236 3235 cogni-

267 3256 362 3329 tione
379 3253 533 3328 renovari
556 3252 635 3324 odin
650 3253 906 3328 accusationum
924 3257 1150 3329 videbantur:
1177 3254 1239 3327 sed

268 3374 346 3447 vilis
364 3380 396 3446 a
418 3399 546 3446 nocens
562 3397 638 3444 reus
655 3372 788 3469 protegi
805 3399 877 3446 non
901 3396 1043 3471 poterat.
1092 3374 1240 3470 Qrippe

268 3492 387 3565 Sorani
415 3492 528 3565 saneta
555 3491 744 3565 memoria:
776 3491 875 3565 Celer
907 3492 1074 3588 professus
1105 3491 1237 3588 sapien-

269 3610 366 3699 tiam,
395 3611 476 3683 dein
494 3610 584 3683 testis
610 3609 646 3680 in
663 3612 818 3699 Baream,
841 3611 1011 3705 proditor,
1036 3632 1238 3706 corruptor-

268 3753 338 3824 que
355 3729 529 3816 amicitiae,
548 3725 644 3822 cujus
657 3726 689 3800 se
707 3728 908 3825 magistrum
925 3729 1064 3803 ferebat.
1113 3728 1236 3802 Proxi-

268 3871 347 3921 mus
356 3847 443 3939 dies,
458 3845 563 3924 causae
580 3844 777 3930 destinatur.
803 3848 882 3922 Nec
898 3867 971 3923 tarn
984 3846 1165 3927 Musonius
1178 3865 1238 3921 aut
