3000 5144
262 559 331 654 316
428 557 1110 649 cenomanniam.

258 737 286 773 “
304 729 470 804 Caesarem
487 731 522 803 in
539 730 613 804 acie
629 731 736 804 stare:
763 731 1003 805 Canninefates
1022 730 1236 829 Batavosque

260 857 289 892 “
306 850 498 923 minoribus
512 850 667 923 ducibus
690 851 912 947 delegandos.
962 850 1036 945 lpse
1060 852 1236 949 Lugduni

260 969 381 1041 “vim
404 967 649 1065 fortunamque
665 969 875 1065 principatus
893 995 912 1041 e
937 969 1098 1065 proximo
1120 970 1234 1042 osten-

261 1094 290 1130 “
307 1107 408 1175 taret,
436 1113 498 1160 nec
516 1088 627 1184 parvis
657 1087 816 1184 periculis
833 1086 1029 1178 immixtus,
1059 1091 1092 1159 δι
1121 1086 1234 1185 majo·

261 1213 289 1249 “
314 1206 408 1279 ribus
423 1232 495 1278 non
511 1205 727 1279 defuturus.''

307 1328 516 1399 LXXXVI.
541 1327 925 1399 lnrsntmnnnnrun
944 1345 1055 1398 artes:
1083 1325 1141 1399 sed
1154 1351 1234 1424 pars

258 1444 414 1541 obsequii
445 1444 480 1516 in
508 1470 563 1534 eo,
589 1468 633 1516 ne
658 1445 1018 1540 deprehenderentur:
1053 1444 1101 1518 ita
1129 1448 1232 1545 Lug-

258 1566 393 1637 dunum
409 1584 567 1636 ventum.
616 1565 723 1636 Unde
744 1563 892 1636 creditur
916 1563 1149 1654 Domitianus,
1172 1591 1233 1640 oc·

259 1682 362 1755 cultis
387 1682 432 1754 ad
458 1683 629 1756 Cerialem
657 1682 798 1773 nuntiis,
825 1684 932 1755 fidem
950 1682 1021 1780 ejus
1038 1684 1232 1774 tentavisse,

260 1808 289 1845 “
306 1828 350 1874 an
373 1799 528 1897 praesenti
555 1802 623 1907 fibi
638 1803 827 1876 exercitum
848 1803 1104 1899 imperiumque
1127 1804 1233 1876 tradi·

261 1928 401 1994 “turus
427 1919 515 1994 foret
532 1923 568 1993 :''
597 1924 666 2018 qua
691 1922 899 2021 cogitatione
921 1925 1052 1996 bellum
1070 1923 1233 1995 adversus

261 2060 394 2137 patrem
423 2040 615 2137 agitaverit,
646 2067 690 2114 an
705 2066 789 2137 opes
807 2039 962 2137 viresque
983 2041 1147 2113 adversus
1162 2040 1231 2115 fra·

257 2179 362 2247 trem,
381 2157 417 2229 in
430 2158 561 2230 incerto
588 2158 677 2233 fuit:
706 2185 789 2232 nam
810 2160 965 2249 Cerialis,
994 2159 1118 2233 salubri
1143 2180 1233 2232 tem·

157 2311 158 2314 ¹
259 2295 460 2372 peramento
488 2277 596 2366 elusit,
634 2298 673 2350 ut
701 2305 789 2351 vana
823 2280 994 2377 pueriliter
1021 2280 1232 2376 cupientem.

257 2393 479 2467 Domitianus
495 2393 606 2491 sperni
613 2421 639 2477 ‚a
656 2397 842 2470 senioribus
852 2397 1034 2495 juventam
1046 2399 1140 2472 suam
1157 2425 1232 2473 cer·

258 2538 357 2601 nens,
383 2512 520 2585 modica
530 2539 678 2610 quoque
692 2520 725 2588 δι
742 2512 901 2612 usurpata
917 2538 1015 2591 antea
1031 2518 1148 2592 munia
1165 2518 1233 2594 im-

259 2632 346 2729 perii
373 2631 553 2704 omittebat
568 2661 579 2718 ;
618 2633 839 2729 simplicitatis
864 2659 904 2708 ac
934 2636 1109 2709 modestiae
1143 2638 1233 2712 ima·

260 2751 356 2849 gine,
383 2751 419 2822 in
445 2750 661 2823 altitudinem
676 2753 849 2844 conditus,
874 2755 1095 2852 studiumque
1117 2755 1233 2832 litera-

258 2895 350 2958 rum,
378 2874 411 2942 ὅτ
429 2895 581 2942 amorem
599 2871 791 2943 carminum
810 2874 982 2962 simulans,
1008 2875 1079 2970 quo
1103 2879 1236 2948 velaret

258 2989 429 3078 animum,
456 2993 488 3059 δι
507 2986 615 3060 fratris
631 2990 840 3062 aemulationi
859 2990 1113 3082 subduceretur,
1132 2993 1233 3092 cujus

258 3106 427 3203 disparem
455 3106 698 3205 mitioremque
730 3129 889 3184 naturam
917 3115 1037 3186 contra
1061 3112 1233 3212 interpre-

260 3229 405 3298 tabatur.
