3000 5144
428 514 1069 629 'Htsaoaianunurall
1170 577 1235 657 135

266 737 334 808 tua,
360 717 586 797 dislrmulatus
618 721 737 797 Martii
760 722 891 811 Macri,
919 743 1098 819 tamquam
1123 724 1236 795 Otho-

265 839 447 913 nianarum
477 839 626 934 partium
644 840 767 915 ducis:
796 847 829 917 δι
846 842 1025 917 Valerium
1043 842 1237 931 Marinum,

259 956 465 1030 destinatum
475 983 496 1030 a
507 960 620 1033 Galba
635 958 825 1048 consulem,
838 960 984 1050 distulit,
1015 963 1110 1037 nulla
1125 962 1235 1034 offen·

262 1079 312 1167 sa,
340 1076 397 1150 sed
415 1076 547 1167 mitem,
576 1084 610 1153 δι
627 1076 785 1173 injuriam
802 1078 948 1176 segniter
964 1081 1127 1155 laturum.
1170 1082 1235 1152 Pe·

262 1194 385 1270 danius
402 1196 507 1271 Costa
529 1197 710 1286 omittitur,
736 1198 887 1295 ingratus
911 1197 1080 1294 Principi,
1109 1216 1147 1270 ut
1174 1200 1235 1271 ad·

264 1314 378 1389 versus
401 1316 580 1389 Neronem
604 1314 714 1405 ausus,
741 1321 774 1389 ὅτ
803 1315 959 1414 Verginii
987 1315 1237 1390 exstimulatur.

264 1433 330 1507 Sed
347 1434 427 1509 alias
455 1433 595 1530 protulit
612 1433 751 1509 causas:
779 1436 932 1531 actaque
950 1433 1084 1532 insuper
1097 1434 1237 1508 Vitellio

265 1554 397 1651 gratiae,
408 1552 652 1628 consuetudine
669 1553 804 1627 servitii.

311 1674 466 1749 LXXII.
502 1674 594 1745 Nou
622 1675 711 1747 ultra
747 1699 876 1769 paucos
903 1674 990 1762 dies,
1024 1697 1238 1770 quamquam

264 1790 398 1865 acribus
410 1791 513 1867 initiis
525 1811 696 1888 coeptum,
714 1792 936 1865 mendacium
960 1790 1078 1865 valuit.
1121 1791 1237 1864 Exsti-

262 1929 347 1984 terat
359 1910 516 2007 quidam,
538 1919 565 1955 “
583 1911 846 1985 Scribonianum
861 1909 894 1983 se
915 1911 1161 1985 Camerinum”
1187 1910 1236 1986 se·

263 2053 353 2120 rens,
369 2037 396 2073 ‘⁶
408 2030 687 2104 Neronianorum
698 2051 897 2126 temporum
910 2049 1006 2103 metu
1019 2029 1055 2101 in
1069 2029 1164 2103 Istria
1176 2056 1236 2104 oc-

266 2156 296 2193 “
315 2151 498 2240 cultatum,
526 2149 621 2247 quod
638 2148 709 2222 illic
735 2150 900 2223 clientelae
929 2149 1052 2246 &agri
1081 2169 1238 2227 veterum

267 2276 295 2314 “
312 2271 521 2358 Craslomm,
546 2294 586 2343 ac
606 2268 753 2341 nominis
770 2266 867 2341 favor
884 2270 1078 2343 manebat.'’
1128 2268 1240 2366 Igitur

264 2388 450 2464 deterrimo
483 2413 623 2486 quoque
656 2388 691 2461 in
731 2409 977 2486 argumentum
1010 2386 1135 2462 sabulae
1175 2391 1236 2463 ad-

264 2507 414 2604 sumpto,
448 2509 575 2604 vulgus
599 2507 795 2596 credulum,
826 2506 863 2578 &
898 2506 1040 2605 quidam
1068 2508 1236 2597 militum,

264 2652 376 2703 errore
392 2626 479 2716 veri,
507 2625 563 2701 seu
580 2629 757 2701 turbarum
779 2625 904 2715 studio,
930 2628 1087 2704 certatim
1113 2652 1237 2725 aggre-

266 2750 460 2845 gabantur:
490 2746 573 2820 curn
599 2747 787 2843 pertradus
803 2747 847 2818 ad
872 2745 1066 2836 Vitellium,
1092 2745 1237 2821 interro·

229 2882 234 2890 '
266 2864 433 2964 gatusque
460 2863 662 2964 “quisnam
679 2864 878 2939 mortalium
905 2866 1026 2954 effet‚''
1055 2866 1237 2962 postquam

264 2987 361 3064 nulla
376 2985 475 3060 dietis
492 2987 593 3074 fides,
618 2990 651 3059 &
669 3011 690 3058 a
713 2984 859 3057 domino
877 2983 1092 3073 noscebatur,
1115 2984 1237 3057 condi-

266 3104 361 3179 tione
388 3103 571 3203 fugitivus,
608 3103 751 3176 nomine
784 3103 879 3192 Geta,
917 3102 1093 3201 sumptum
1121 3104 1166 3178 de
1194 3127 1236 3175 eo

263 3224 468 3321 supplicium
486 3222 522 3298 in
542 3222 696 3297 servilem
716 3225 875 3296 modum.

312 3346 484 3417 LXXIII.
509 3347 589 3417 er
604 3342 768 3417 credibile
784 3361 977 3415 memoratu
990 3341 1052 3432 est,
1067 3359 1237 3438 quantum

264 3461 431 3559 superbiae
463 3462 698 3559 socordiaque
732 3461 873 3534 Vitellio
906 3459 1108 3549 adoleverit,
1142 3459 1237 3556 post-

264 3609 371 3680 quam
397 3582 622 3680 speculatores
645 3608 664 3654 e
688 3581 782 3676 Syril
800 3581 1003 3676 Judaedquq
1032 3586 1059 3621 “
1077 3580 1237 3655 adactum

265 3709 293 3747 “
313 3702 348 3776 in
366 3703 470 3776 verba
486 3699 558 3799 ejus
573 3701 776 3774 Orientem''
804 3699 1018 3773 nuntiavere.
1068 3700 1162 3773 Nam
1179 3701 1237 3769 etsr

266 3820 364 3919 vagis
391 3822 505 3894 adhuc
526 3825 558 3892 δι
577 3819 712 3894 incertis
729 3818 939 3907 melotibus,
969 3837 1040 3891 erat
1057 3836 1173 3889 tamen
1200 3816 1237 3890 in

262 3966 321 4015 ore
336 3938 500 4038 famaque
517 3936 753 4036 Vespasianus,
770 3965 812 4012 ac
828 3940 1033 4037 plerumque
1045 3937 1089 4013 ad
1107 3962 1237 4013 nomen

722 4057 756 4130 Κ
781 4083 805 4150 4
