3000 5144
317 571 383 624 102
504 547 546 620 C.
587 547 850 620 Conunnn
892 547 1091 621 Tnctrr

317 741 417 796 cauta
448 723 562 818 potius
588 722 726 796 consilia
753 749 834 797 cum
852 721 995 810 ratione,
1019 720 1126 816 quam
1143 720 1300 818 prospera

316 864 361 912 ex
379 839 454 914 casu
472 845 655 938 placerent,
683 850 710 884 “
725 841 893 938 compleri
908 840 1021 929 sollus,
1051 838 1174 936 aperiri
1198 867 1294 914 cam-

316 965 345 1002 “
364 986 463 1056 pum,
482 961 586 1057 pandi
602 960 737 1034 aciem''
751 959 920 1058 jubebat;
948 966 976 1002 “
999 957 1075 1031 satis
1099 958 1169 1032 cito
1187 959 1295 1058 incipi

317 1084 345 1121 “
364 1079 559 1169 victoriam,
584 1081 645 1153 ubi
668 1079 841 1178 provisum
862 1078 949 1152 foret
976 1105 1019 1151 ne
1040 1078 1294 1154 vincerentur.'’

318 1200 370 1272 Ea
386 1199 616 1288 enodatione,
633 1198 790 1296 'spatium
811 1199 999 1285 Vitellianis
1017 1200 1151 1288 datum,
1179 1199 1215 1271 in
1240 1200 1295 1273 vi-

317 1342 412 1406 neas,
443 1344 535 1391 nexu
556 1321 739 1392 traducum
757 1317 952 1414 impeditas,
987 1316 1194 1416 refugiendi.
1246 1321 1295 1397 Et

319 1437 459 1510 modica
481 1441 561 1510 filva
574 1440 782 1527 adhaetebat,
811 1439 904 1511 unde
917 1437 1026 1511 rursus
1047 1441 1130 1525 anfi,
1149 1462 1293 1535 promp-

319 1557 459 1630 tillimos
485 1557 937 1655 ptaetorianorumequitum
962 1556 1179 1630 intersecsre:
1215 1542 1311 1631 vul-⁶

318 1696 458 1748 neratur
479 1701 540 1747 rex
567 1675 779 1775 Epiphanes,
808 1676 956 1776 impigre
974 1702 1037 1774 pro
1052 1677 1193 1751 Othone
1204 1704 1295 1777 pug-

317 1820 401 1872 nam
426 1794 529 1867 ciens.

366 1917 501 1990 XXVI.
525 1915 621 1988 Tum
638 1915 853 1990 Othonianus
865 1917 970 2014 pedes
986 1916 1123 2013 erupit:
1154 1916 1296 2012 protrita

318 2033 470 2111 hostium
487 2032 572 2123 acie,
602 2040 684 2108 verst
702 2037 737 2107 in
761 2034 897 2134 sugam,
921 2037 1023 2109 etiam
1041 2035 1099 2133 qui
1117 2033 1295 2110 subvenie-

317 2155 427 2237 bant3
446 2178 526 2225 nam
543 2155 683 2227 Caecina
698 2180 769 2227 non
783 2158 882 2228 simul
900 2157 1072 2246 cohortes,
1098 2154 1154 2228 sed
1180 2158 1295 2253 singu-

318 2272 368 2344 las
392 2270 590 2345 acciverat:
628 2299 706 2370 quae
732 2300 783 2347 res
816 2274 853 2347 in
881 2273 1006 2372 proelio
1033 2273 1295 2370 trepidationem

318 2389 430 2478 auxit,
461 2389 543 2463 cltm
560 2389 738 2488 dispersos,
770 2419 833 2467 nec
850 2393 994 2492 usquam
1017 2392 1164 2483 validos,
1187 2418 1296 2490 pavor

319 2508 530 2608 fugientium
556 2510 734 2607 abriperet.
782 2515 868 2586 Orta
890 2518 924 2586 &
953 2512 1126 2586 incastris
1159 2511 1295 2605 seditio,

318 2629 415 2729 quod
433 2655 504 2702 non
521 2628 666 2702 universi
688 2631 907 2704 ducerentur.
957 2632 1100 2705 Vinslus
1118 2631 1297 2727 praefeetus

318 2748 504 2822 castrorum
531 2748 644 2846 Julius
670 2751 812 2840 Gratus,
839 2757 865 2792 “
883 2770 1064 2849 tamquam
1086 2750 1178 2824 fratri
1201 2753 1299 2849 apud

320 2869 545 2941 “Othonem
575 2867 735 2941 militanti
763 2869 994 2966 proditionem
1017 2890 1133 2968 ageret
1150 2872 1185 2942 :''
1213 2871 1297 2948 cltm

320 2986 460 3060 fratrem
478 2985 548 3084 ejus
566 2988 700 3082 Julium
718 2990 947 3079 Frontonem,
965 2991 1158 3079 tribunum,
1182 2993 1296 3064 Otho·

319 3106 411 3179 niani
437 3105 498 3178 sub
515 3107 639 3178 eodem
668 3106 813 3180 crimine
830 3109 1025 3183 vinxissent.
1074 3109 1237 3183 Ceterum
1256 3137 1298 3186 ea

320 3225 451 3322 ubique
468 3224 617 3297 formido
641 3222 720 3316 suit,
749 3229 841 3324 apud
864 3226 1046 3327 fugientes,
1066 3228 1295 3320 occursantes,

319 3343 356 3419 in
373 3344 458 3434 acie,
488 3347 677 3441 provallo,
708 3365 749 3418 ut
775 3353 802 3389 “
826 3348 1037 3421 deleri'cum
1053 3347 1209 3421 universo
1232 3376 1295 3422 ex-

322 3469 350 3508 “
369 3464 477 3535 ercitu
490 3464 663 3538 Caecinam
687 3466 846 3562 potuisse,
866 3467 901 3539 ni
918 3466 1097 3539 Suetonius
1114 3467 1298 3545 Paullinus

322 3585 350 3624 “
368 3582 521 3678 receptui
539 3582 750 3673 cecinill‘et‚’'
766 3584 916 3682 utrisque
933 3585 970 3665 in
994 3585 1146 3682 partibus
1159 3612 1295 3683 percre-

320 3698 446 3770 buerit.
497 3707 524 3742 “
543 3701 710 3774 Timuiffe
725 3700 781 3774 se’'
809 3703 984 3776 Paullinus
1001 3703 1144 3795 serebat,
1171 3712 1199 3748 “
1217 3727 1295 3780 tan·

323 3819 353 3855 “
372 3834 448 3887 tum
464 3815 601 3914 insuper
616 3819 741 3892 laboris
757 3841 860 3917 atque
875 3820 1016 3912 itineris,
1035 3848 1078 3896 ne
1094 3823 1300 3904 Vitellianus

323 3935 351 3974 “
369 3930 481 4025 miles,
511 3959 627 4016 recens
655 3937 818 4029 ecasttis,
849 3937 947 4015 sessos
976 3942 1232 4045 adgrederetur,
1262 3948 1296 4027 ὃς
