3000 5144
319 560 388 613 222
548 532 1109 619 cconnrun'rncm

317 708 402 783 illuc
419 711 624 784 clamoribus
649 710 798 784 hostium
821 711 1033 809 circumagi:
1062 737 1139 809 quae
1150 706 1291 807 jusserat

317 849 447 919 vetare,
466 855 544 925 quae
562 849 714 902 vetuerat
723 827 857 927 jubere.
906 833 1014 920 Mox,
1039 831 1137 927 quod
1160 829 1197 901 in
1214 852 1291 925 pet·

317 947 398 1019 ditis
425 950 524 1020 rebus
545 946 682 1036 accidit,
714 973 835 1022 omnes
851 948 1049 1046 praecipere,
1071 972 1176 1021 nemo
1196 947 1291 1020 exse·

318 1066 404 1162 qui:
433 1064 620 1161 postremi),
641 1064 780 1164 abjeclis
808 1067 925 1156 armis,
957 1065 1079 1164 fugam
1097 1070 1130 1139 &
1149 1065 1291 1139 fallendi

314 1205 403 1258 artes
419 1180 758 1280 circumspefflbant.
807 1188 1013 1282 Inrumpunt
1038 1184 1227 1274 Vitelliani,
1255 1189 1290 1259 δι

318 1306 444 1379 ωῃᾶα
460 1300 636 1400 sanguine,
650 1302 752 1393 ferro,
771 1300 985 1400 flammisque
997 1302 1152 1376 miscent.
1185 1303 1292 1376 Pauci

318 1422 517 1497 militarium
545 1421 716 1512 virorum,
743 1422 829 1494 inter
846 1448 933 1518 quos
955 1422 1106 1495 maxime
1130 1421 1292 1519 insignes,

317 1540 499 1614 Cornelius
516 1539 699 1630 Martialis,
729 1540 895 1615 AEmilius
912 1543 1083 1631 Pacenfis,
1112 1539 1293 1637 Casperius

316 1659 446 1757 Niger,
464 1657 590 1730 Didius
605 1660 737 1747 Scaeva,
757 1684 913 1756 pugnarn
930 1662 1013 1750 ausi,
1029 1663 1292 1733 obtruncantur.

317 1777 481 1851 Flavium
497 1776 678 1865 Sabinum,
708 1776 893 1867 inermem,
919 1802 1033 1875 neque
1047 1776 1168 1874 sugam
1192 1802 1292 1874 coep·

317 1915 464 1984 tantem,
503 1894 766 1984 circumfistunt,
811 1902 844 1969 &
876 1897 1094 1992 Qinffium.
1115 1895 1292 1986 Atticum,

318 2014 509 2103 consulem,
531 2014 654 2087 umbrlt
670 2014 810 2087 honoris
827 2019 860 2088 δι
878 2013 1008 2087 suamet
1025 2014 1174 2088 vanitate
1189 2039 1292 2087 mon·

317 2132 476 2223 stratum,
503 2132 599 2229 quod
627 2133 739 2206 edicla
763 2132 797 2205 in
815 2135 986 2230 populum
1003 2158 1066 2231 pro
1089 2131 1293 2230 Vespasiano

317 2252 516 2348 magnifica,
551 2249 712 2347 probrosa
743 2252 906 2325 adversus
938 2251 1116 2325 Vitellium
1150 2250 1295 2350 jecerat.

317 2367 432 2441 Ceteri
461 2394 521 2464 per
538 2370 651 2442 varios
668 2369 760 2443 casus
777 2372 902 2466 elapsr;
931 2371 1075 2468 quidam
1101 2368 1214 2442 servili
1231 2372 1293 2443 ha·

318 2487 410 2577 bitu,
436 2487 493 2560 alii
511 2490 581 2561 fide
605 2489 779 2563 clientium
797 2490 960 2582 contecti,
990 2489 1128 2564 &inter
1148 2488 1293 2563 sarcinas

318 2606 437 2680 abditi.
487 2609 612 2697 Fuere,
637 2608 713 2705 qui,
736 2628 883 2706 excepto
899 2609 1163 2681 Vitellianorum
1180 2610 1291 2705 fign0,

319 2751 392 2823 quo
408 2727 495 2799 inter
513 2725 546 2799 se
568 2726 806 2818 noscebantur,
839 2729 928 2800 ultro
948 2728 1135 2825 rogitantes
1154 2726 1291 2825 respon·

319 2845 494 2934 dentesve,
522 2845 702 2919 audaciam
720 2871 781 2943 pro
802 2848 930 2919 latebrrl
947 2848 1122 2919 haberent.

366 2966 539 3037 LXXIV.
565 2966 844 3053 Dourrrnuus,
865 2965 976 3061 prima
989 2965 1187 3061 inruptione
1199 2969 1293 3063 apud

318 3083 485 3157 aedituum
502 3084 705 3172 occultatus,
732 3082 879 3156 sollertia
901 3084 1027 3174 liberti,
1057 3086 1149 3158 lineo
1163 3086 1295 3159 amistu

318 3204 426 3274 turbae
449 3200 685 3273 sacricolarum
713 3200 895 3274 immixtus
911 3203 1168 3301 ignoratusque,
1198 3206 1294 3301 apud

318 3319 520 3394 Cornelium
532 3319 702 3409 Primum,
719 3341 896 3417 paternum
914 3322 1089 3413 clientem,
1101 3321 1206 3418 juxta
1223 3324 1291 3396 Ve-

318 3441 468 3529 labrum,
494 3438 642 3511 delitnit.
693 3445 747 3512 Ac
776 3440 928 3536 potiente
955 3467 1068 3514 rerum
1087 3461 1194 3537 patre,
1226 3442 1293 3516 dis·

313 3555 407 3655 jeblo
425 3556 543 3629 aeditui
560 3558 799 3647 contubernio,
825 3560 1004 3633 modicum
1021 3559 1181 3633 sacellum
1198 3564 1293 3655 Jovr

321 3698 640 3764 cousnuvnrotu,
680 3702 842 3773 aramque
870 3676 995 3773 posuit,
1028 3679 1121 3752 casus
1150 3679 1226 3753 suos
1258 3680 1294 3753 in

320 3818 491 3866 marmore
524 3797 727 3888 expressam.
776 3798 870 3868 Mox
911 3796 1099 3893 imperium
1131 3800 1293 3896 adeptus,

322 3913 412 4004 Jovr
444 3935 607 3984 evsronr
642 3915 814 4009 templum
839 3913 973 4011 ingens,
1018 3914 1121 4013 seque
1149 3917 1187 3991 in
1223 3921 1296 3994 sinu
