3000 5144
320 563 386 615 120
444 612 447 617 ,
506 537 843 611 beonnam
877 535 1082 611 Tactrr

315 706 404 779 didit
420 735 429 778 :
444 709 493 778 ·&
511 708 691 803 explorato
701 705 775 806 jam
793 705 962 803 profestos
978 702 1120 796 amicos,
1147 703 1286 780 nostem

317 825 483 921 quietam,
512 846 618 922 utque
645 828 846 916 affirmatur,
874 851 945 898 non
978 821 1170 896 insomnem
1197 822 1283 921 egit.

316 934 416 1016 Luce
440 942 562 1039 primal,
589 943 624 1014 in
640 942 768 1017 sertum
785 948 921 1042 pedore
938 941 1121 1016 incubuit:
1152 943 1197 1015 ad
1225 966 1286 1038 ge·

317 1062 441 1134 mitum
459 1062 648 1151 morientis,
664 1063 798 1159 ingressi
814 1061 940 1152 liberti,
957 1060 1129 1157 servique,
1148 1063 1182 1132 δι
1204 1058 1286 1131 Plo·

318 1179 384 1252 tius
400 1180 551 1266 Firmus,
571 1181 719 1274 praetorii
746 1179 939 1276 praeseslus,
960 1205 1071 1252 unum
1089 1181 1215 1250 vulnus
1232 1175 1286 1249 in·

317 1299 453 1371 vendre·
502 1300 620 1371 Funus
649 1318 882 1372 maturatum:
912 1297 1098 1373 ambitiosis
1117 1295 1156 1368 id
1174 1293 1284 1392 preci·

318 1417 384 1489 bus
412 1416 563 1511 petierat,
598 1423 626 1459 “
653 1441 697 1490 ne
724 1437 957 1513 amputaretur
988 1435 1108 1511 caput,
1136 1412 1288 1493 ludibrio

320 1541 348 1577 ‘⁶‘
365 1533 553 1609 futurum.”
602 1535 730 1607 Tulere
764 1561 887 1631 corpus
922 1533 1087 1632 praetoriae
1119 1534 1288 1619 cohortes,

319 1678 400 1726 cum
428 1654 586 1725 laudibus
611 1657 644 1724 δι
664 1653 826 1741 lacrimis,
854 1655 979 1726 vulnus
1006 1650 1192 1749 manusque
1216 1646 1289 1745 ejus

319 1770 564 1845 exosculantes.
613 1771 767 1867 Quidam
784 1771 950 1861 militurn,
973 1769 1075 1870 juxta
1090 1794 1219 1868 rogum
1235 1768 1289 1840 in-

319 1887 483 1962 terfecere
510 1887 568 1975 se;
602 1916 671 1962 non
700 1894 805 1979 noxa,
834 1916 946 1988 neque
970 1892 1018 1963 ob
1049 1908 1197 1977 metum,
1230 1886 1289 1959 sed

319 2007 540 2081 aemulatione
557 2009 701 2097 decoris,
730 2013 764 2081 ὃς
781 2009 919 2082 caritate
936 2008 1104 2104 Principis
1121 2035 1130 2076 ι
1154 2031 1195 2080 ac
1212 2004 1288 2102 pos-

320 2145 390 2215 tea,
429 2126 619 2222 promiscue
648 2126 814 2216 Bebriaci,
849 2128 1046 2217 Placentia,
1082 2125 1224 2222 aliisque
1254 2124 1291 2202 in

321 2245 445 2332 castris,
472 2247 681 2317 celebratum
706 2245 742 2316 id
769 2270 876 2344 genus
900 2245 1034 2318 mortis.
1080 2243 1214 2318 Othoni
1240 2242 1289 2316 se-

323 2365 507 2460 pulchrum
525 2363 737 2435 exstruslum
751 2363 813 2454 est,
824 2363 1018 2453 modicum,
1031 2367 1065 2436 ὃ(
1082 2361 1292 2436 mansurum.

371 2484 416 2554 L.
443 2483 564 2554 Hunc
595 2480 675 2554 vitae
693 2483 799 2554 finem
824 2481 943 2555 habuit
970 2480 1116 2579 septimo
1133 2485 1166 2553 δι
1191 2479 1290 2554 trice·

323 2603 407 2673 srmo
422 2598 529 2673 aetatis
550 2625 652 2671 anno.
701 2599 814 2697 Origo
840 2599 891 2672 illi
914 2625 933 2673 e
961 2598 1151 2696 municipio
1166 2601 1292 2672 Feren-

254 2720 257 2725 ’
322 2716 409 2792 tino.
458 2721 558 2792 Pater
580 2717 788 2803 consularis;
819 2743 903 2791 avus
930 2717 1131 2815 praetorius:
1167 2737 1291 2791 mater·

323 2862 409 2910 num
429 2863 535 2936 genus
549 2837 673 2933 impar,
691 2862 754 2909 nec
770 2856 887 2910 tamen
904 2835 1106 2910 indecorum
1123 2864 1131 2908 :
1151 2835 1295 2932 pueritib

325 2980 366 3029 ac
388 2953 545 3052 juventa,
571 2957 708 3054 qualem
737 2955 1023 3029 monstravimus:
1051 2959 1186 3030 duobus
1212 2954 1295 3029 faci-

325 3075 482 3165 noribus,
507 3077 613 3147 altero
629 3074 896 3171 flagitiosrssrmo,
914 3075 1020 3146 altero
1037 3074 1191 3172 egregio,
1220 3094 1295 3146 tan-

325 3195 486 3266 tumdem
503 3195 595 3290 apud
613 3194 762 3290 posteros
779 3191 902 3270 meruit
919 3195 1019 3265 bonae
1044 3189 1159 3281 sama,
1184 3218 1294 3289 quan-

326 3329 403 3384 tum
420 3313 530 3384 malae.
579 3315 630 3384 Ut
654 3311 853 3409 conquirere
870 3310 1033 3399 sabulosa,
1059 3314 1093 3384 δι
1117 3310 1205 3383 sidtis
1228 3313 1292 3385 ob·

329 3430 452 3503 lestare
468 3431 660 3528 legentium
685 3430 833 3520 animos,
861 3431 981 3526 procul
998 3428 1161 3526 gravitate
1185 3428 1295 3525 coepti

327 3548 439 3644 operis
462 3551 666 3622 crediderim
681 3579 691 3635 3
718 3551 765 3621 ita
781 3548 928 3646 vulgatis
945 3546 1142 3644 traditisque
1158 3548 1298 3620 demere

331 3668 439 3739 fidem
456 3693 526 3738 non
549 3670 667 3739 ausim.
719 3674 745 3709 “
764 3666 845 3755 Die,
871 3691 942 3763 quo
968 3665 1118 3739 Bebriaci
1145 3667 1296 3739 certaba-

331 3790 359 3826 “
378 3804 447 3873 tur,
472 3810 574 3857 avem
601 3784 765 3856 invisrtata
780 3782 902 3880 specie,
931 3786 1024 3881 apud
1045 3783 1200 3882 Regium
1225 3785 1295 3865 Le·

331 3909 358 3946 “
376 3901 498 3999 pidum
515 3901 643 3977 celebri
671 3902 750 3976 vico
773 3900 994 3994 consedisse,''
1021 3902 1143 3978 incolae
1160 3927 1292 3978 memo·
