3000 5144
263 616 334 691 300
493 588 535 659 C.
567 588 833 661 Conuatrr
861 588 1057 661 Tacrrt

260 760 423 856 epistole,
452 758 594 831 nomine
616 760 820 847 Galliarum,
848 766 933 831 “ut
955 758 1170 832 abstinerent
1186 782 1238 831 ar·¹

262 886 289 919 “
309 877 388 963 mis,
418 878 627 971 impetrabili
648 878 761 964 venial,
790 883 824 949 be
850 878 972 973 paratis
998 876 1235 973 deprecatori-

260 1003 286 1035 “
308 998 385 1082 bus,
416 998 438 1065 fr
471 994 681 1089 paeniteret.''
731 994 868 1067 Restitit
902 996 995 1068 idem
1024 994 1235 1068 Valentinus

256 1112 495 1208 obstruxitque
511 1110 656 1184 civitatis
676 1112 743 1185 fuae
759 1137 869 1200 aures,
901 1115 995 1186 haud
1011 1112 1155 1209 perinde
1174 1113 1231 1185 in·

258 1232 419 1302 struendo
444 1232 537 1304 bello
563 1231 725 1320 intentus,
764 1232 870 1326 quirin
904 1229 1061 1328 frequens
1090 1230 1232 1305 concio·

264 1349 376 1422 nibus.

310 1469 427 1539 LXX.
453 1468 592 1539 loiron
617 1493 687 1539 non
708 1467 865 1555 Treveri,
895 1494 1007 1564 neque
1033 1468 1230 1566 Lingones,

263 1604 429 1657 ceteraeve
445 1584 626 1656 rebellium
645 1584 809 1673 civitates,
829 1611 892 1681 pro
909 1585 1151 1682 magnitudine
1166 1584 1232 1659 fus·

263 1701 354 1797 cepti
387 1699 588 1773 discriminis
616 1727 728 1800 agere.
780 1706 836 1776 Ne
864 1706 969 1775 duces
997 1704 1156 1799 quidem,
1193 1701 1231 1775 in

268 1846 375 1891 unum
394 1818 578 1892 consulere.
626 1821 693 1892 Sed
712 1820 844 1909 Civilis,
874 1821 948 1893 aria
963 1823 1146 1917 Belgarum
1164 1819 1230 1893 cir-

263 1937 439 2022 cumibat3
466 1938 553 2008 dum
574 1937 760 2010 Claudium
779 1940 981 2009 Labeonem
1005 1963 1141 2034 capere,
1171 1958 1232 2010 aut

262 2058 443 2127 exturbare
460 2054 589 2127 nititur.
630 2057 805 2143 Classicus,
828 2054 928 2153 segne
942 2059 1148 2153 plenamque
1163 2056 1231 2127 oti·

263 2200 324 2245 um
348 2176 496 2260 trahens,
526 2174 621 2244 velut
647 2193 743 2269 parto
770 2173 915 2268 imperio
937 2173 1125 2247 fruebatur.
1174 2176 1234 2247 Ne

264 2293 377 2361 Tutor
404 2289 548 2385 quidem
580 2291 760 2362 maturarit
794 2290 1001 2387 superiorem
1032 2292 1231 2365 Germaniae

264 2408 389 2502 ripam,
417 2407 575 2478 &ardua
593 2408 739 2503 Alpium
765 2409 924 2505 praesidiis
944 2411 1111 2483 claudere.
1162 2416 1235 2485 At··

263 2550 332 2620 que
352 2523 489 2595 iuterim
505 2524 764 2598 unaetvicesrma
789 2527 880 2623 legio
897 2527 1113 2616 Vindonissa,
1145 2532 1231 2602 Sex·

263 2642 466 2715 tilius-Felix
484 2667 565 2714 cum
581 2643 763 2715 auxiliariis
776 2644 976 2717 cohortibus
989 2671 1048 2741 per
1065 2646 1234 2737 Raetiam,

206 2772 214 2787 '
262 2761 432 2855 inrupere.
482 2764 630 2833 Accessit
654 2763 709 2834 ala
737 2761 981 2858 Singularium,
1010 2764 1123 2835 excita
1146 2765 1235 2839 olim

262 2906 283 2951 a
301 2880 451 2966 Vitellio,
478 2879 603 2950 deinde
624 2878 658 2949 in
684 2900 795 2973 partes
812 2880 1000 2975 Vespasiani
1020 2884 1234 2979 transgressa.

262 3000 408 3068 Praeerat
435 2998 548 3090 Julius
566 2995 788 3091 Briganticus,
817 2996 924 3070 sorore
941 3000 1060 3071 Civilis
1079 3001 1233 3097 genitus,

264 3135 302 3187 ut
324 3114 429 3186 fernre
445 3113 606 3185 acerrima
628 3114 866 3207 proximorum
885 3118 964 3187 odia
986 3116 1075 3204 sunt,
1103 3116 1234 3192 invisus

263 3235 436 3305 avunculo
455 3230 676 3326 infensusque.
717 3234 831 3304 Tutor
848 3236 1079 3307 Treverorum
1097 3236 1234 3331 copias,

261 3352 387 3424 recenti
406 3351 642 3445 Vangionum,
666 3351 905 3440 Caeracadum,
924 3353 1153 3425 Tribocorum
1169 3355 1234 3427 de·

266 3472 352 3542 leslu
366 3473 493 3555 ausina,
508 3488 667 3539 veterano
686 3467 798 3562 pedite
813 3489 917 3563 atque
932 3470 1047 3566 equite
1064 3472 1234 3562 firmavit,

264 3588 431 3682 corruptis
458 3584 528 3680 spe,
555 3607 613 3655 aut
635 3606 729 3656 metu
751 3584 894 3657 lubaclis
919 3588 1138 3682 legionariis:
1172 3592 1237 3686 qui

265 3705 378 3801 prirnb
401 3706 592 3791 cohortem,
618 3703 823 3797 praemissam
840 3705 1014 3776 aSextilio
1028 3704 1155 3793 Felice,
1180 3706 1236 3779 in·

264 3823 457 3903 te1·liciuut;
487 3848 570 3893 mox
596 3822 654 3893 ubi
672 3824 776 3892 duces
793 3822 1031 3918 exercitusque
1049 3828 1235 3899 Romanus

266 3941 558 4039 propinquabant,
585 3939 726 4011 honesto
743 3938 931 4037 transfugio
948 3940 1101 4014 rediere:
1134 3942 1232 4016 secu·
