<?xml version="1.0" encoding="UTF-8"?>
<!DOCTYPE html PUBLIC "-//W3C//DTD XHTML 1.0 Transitional//EN"
    "http://www.w3.org/TR/xhtml1/DTD/xhtml1-transitional.dtd">
<html xmlns="http://www.w3.org/1999/xhtml" xml:lang="en" lang="en">
 <head>
  <title>
</title>
<meta http-equiv="Content-Type" content="text/html;charset=utf-8" />
  <meta name='ocr-system' content='tesseract 3.04.00' />
  <meta name='ocr-capabilities' content='ocr_page ocr_carea ocr_par ocr_line ocrx_word'/>
</head>
<body>
  <div class='ocr_page' id='page_1' title='image "./ccorneliitaciti02ernegoog_0383.png"; bbox 0 0 3000 5144; ppageno 0'>
   <div class='ocr_carea' id='block_1_1' title="bbox 367 536 1199 650">
    <p class='ocr_par' dir='ltr' id='par_1_1' title="bbox 367 536 1199 650">
     <span class='ocr_line' id='line_1_1' title="bbox 367 536 1199 650; baseline 0.008 -33"><span class='ocrx_word' id='word_1_1' title='bbox 367 536 616 618; x_wconf 75' lang='lat' dir='ltr'>Drnnoous</span> <span class='ocrx_word' id='word_1_2' title='bbox 654 567 709 617; x_wconf 82' lang='lat' dir='ltr'>on</span> <span class='ocrx_word' id='word_1_3' title='bbox 744 546 1064 623; x_wconf 74' lang='lat' dir='ltr'>Onntonrnns.</span> <span class='ocrx_word' id='word_1_4' title='bbox 1155 573 1199 650; x_wconf 78' lang='lat'>37</span> 
     </span>
    </p>
   </div>
   <div class='ocr_carea' id='block_1_2' title="bbox 226 716 1264 4017">
    <p class='ocr_par' dir='ltr' id='par_1_2' title="bbox 226 716 1264 4017">
     <span class='ocr_line' id='line_1_2' title="bbox 231 716 1198 817; baseline 0.004 -30"><span class='ocrx_word' id='word_1_5' title='bbox 231 735 330 804; x_wconf 93' lang='lat' dir='ltr'>num,</span> <span class='ocrx_word' id='word_1_6' title='bbox 357 716 414 790; x_wconf 87' lang='lat' dir='ltr'>sed</span> <span class='ocrx_word' id='word_1_7' title='bbox 430 720 555 793; x_wconf 71' lang='lat' dir='ltr'>desidia</span> <span class='ocrx_word' id='word_1_8' title='bbox 566 718 770 816; x_wconf 88' lang='lat' dir='ltr'>juventutis,</span> <span class='ocrx_word' id='word_1_9' title='bbox 791 724 823 792; x_wconf 77' lang='grc' dir='ltr'>δι</span> <span class='ocrx_word' id='word_1_10' title='bbox 841 719 1051 817; x_wconf 64' lang='lat' dir='ltr'>negligenti&amp;</span> <span class='ocrx_word' id='word_1_11' title='bbox 1080 744 1198 816; x_wconf 88' lang='lat' dir='ltr'>paren-</span> 
     </span>
     <span class='ocr_line' id='line_1_3' title="bbox 231 837 1201 934; baseline 0.006 -30"><span class='ocrx_word' id='word_1_12' title='bbox 231 853 322 923; x_wconf 85' lang='lat' dir='ltr'>tum,</span> <span class='ocrx_word' id='word_1_13' title='bbox 345 841 378 908; x_wconf 74' lang='grc' dir='ltr'>δι</span> <span class='ocrx_word' id='word_1_14' title='bbox 396 837 569 910; x_wconf 61' lang='lat' dir='ltr'>inscienti&amp;</span> <span class='ocrx_word' id='word_1_15' title='bbox 587 837 921 934; x_wconf 66' lang='lat' dir='ltr'>praecipientium&amp;</span> <span class='ocrx_word' id='word_1_16' title='bbox 935 838 1110 911; x_wconf 85' lang='lat' dir='ltr'>oblivione</span> <span class='ocrx_word' id='word_1_17' title='bbox 1123 865 1201 910; x_wconf 90' lang='lat' dir='ltr'>mo-</span> 
     </span>
     <span class='ocr_line' id='line_1_4' title="bbox 228 952 1202 1053; baseline 0.007 -31"><span class='ocrx_word' id='word_1_18' title='bbox 228 952 273 1024; x_wconf 91' lang='lat' dir='ltr'>ris</span> <span class='ocrx_word' id='word_1_19' title='bbox 284 955 442 1050; x_wconf 84' lang='lat' dir='ltr'>antiqui?</span> <span class='ocrx_word' id='word_1_20' title='bbox 466 980 543 1053; x_wconf 89' lang='lat' dir='ltr'>quae</span> <span class='ocrx_word' id='word_1_21' title='bbox 561 958 650 1030; x_wconf 87' lang='lat' dir='ltr'>mala</span> <span class='ocrx_word' id='word_1_22' title='bbox 668 958 820 1053; x_wconf 78' lang='lat' dir='ltr'>primbnr</span> <span class='ocrx_word' id='word_1_23' title='bbox 838 957 873 1027; x_wconf 89' lang='lat' dir='ltr'>in</span> <span class='ocrx_word' id='word_1_24' title='bbox 888 959 988 1029; x_wconf 86' lang='lat' dir='ltr'>Urbe</span> <span class='ocrx_word' id='word_1_25' title='bbox 1005 976 1096 1045; x_wconf 88' lang='lat' dir='ltr'>nata,</span> <span class='ocrx_word' id='word_1_26' title='bbox 1115 982 1202 1029; x_wconf 85' lang='lat' dir='ltr'>mox</span> 
     </span>
     <span class='ocr_line' id='line_1_5' title="bbox 228 1072 1202 1171; baseline 0.006 -28"><span class='ocrx_word' id='word_1_27' title='bbox 228 1096 289 1166; x_wconf 91' lang='lat' dir='ltr'>per</span> <span class='ocrx_word' id='word_1_28' title='bbox 305 1074 437 1145; x_wconf 88' lang='lat' dir='ltr'>ltaliam</span> <span class='ocrx_word' id='word_1_29' title='bbox 451 1072 534 1163; x_wconf 81' lang='lat' dir='ltr'>lusa,</span> <span class='ocrx_word' id='word_1_30' title='bbox 548 1073 624 1170; x_wconf 86' lang='lat' dir='ltr'>jam</span> <span class='ocrx_word' id='word_1_31' title='bbox 635 1075 670 1147; x_wconf 94' lang='lat' dir='ltr'>in</span> <span class='ocrx_word' id='word_1_32' title='bbox 690 1074 881 1170; x_wconf 86' lang='lat' dir='ltr'>provincias</span> <span class='ocrx_word' id='word_1_33' title='bbox 897 1094 1058 1147; x_wconf 85' lang='lat' dir='ltr'>manant:</span> <span class='ocrx_word' id='word_1_34' title='bbox 1080 1101 1202 1171; x_wconf 87' lang='lat' dir='ltr'>quam-</span> 
     </span>
     <span class='ocr_line' id='line_1_6' title="bbox 228 1192 1201 1291; baseline 0.008 -30"><span class='ocrx_word' id='word_1_35' title='bbox 228 1214 336 1285; x_wconf 88' lang='lat' dir='ltr'>quam</span> <span class='ocrx_word' id='word_1_36' title='bbox 362 1192 475 1265; x_wconf 88' lang='lat' dir='ltr'>nostra</span> <span class='ocrx_word' id='word_1_37' title='bbox 497 1194 597 1266; x_wconf 88' lang='lat' dir='ltr'>nobis</span> <span class='ocrx_word' id='word_1_38' title='bbox 625 1193 760 1265; x_wconf 92' lang='lat' dir='ltr'>notiora</span> <span class='ocrx_word' id='word_1_39' title='bbox 782 1192 868 1264; x_wconf 86' lang='lat' dir='ltr'>sunt.</span> <span class='ocrx_word' id='word_1_40' title='bbox 920 1196 1001 1291; x_wconf 86' lang='lat' dir='ltr'>Ego</span> <span class='ocrx_word' id='word_1_41' title='bbox 1024 1195 1068 1266; x_wconf 91' lang='lat' dir='ltr'>de</span> <span class='ocrx_word' id='word_1_42' title='bbox 1086 1199 1201 1285; x_wconf 86' lang='lat' dir='ltr'>Urbe,</span> 
     </span>
     <span class='ocr_line' id='line_1_7' title="bbox 229 1309 1203 1410; baseline 0.008 -31"><span class='ocrx_word' id='word_1_43' title='bbox 229 1313 262 1380; x_wconf 78' lang='grc' dir='ltr'>δι</span> <span class='ocrx_word' id='word_1_44' title='bbox 288 1309 342 1381; x_wconf 88' lang='lat' dir='ltr'>his</span> <span class='ocrx_word' id='word_1_45' title='bbox 371 1311 516 1407; x_wconf 88' lang='lat' dir='ltr'>propriis</span> <span class='ocrx_word' id='word_1_46' title='bbox 545 1337 586 1385; x_wconf 91' lang='lat' dir='ltr'>ac</span> <span class='ocrx_word' id='word_1_47' title='bbox 617 1312 806 1385; x_wconf 88' lang='lat' dir='ltr'>vernaculis</span> <span class='ocrx_word' id='word_1_48' title='bbox 843 1311 934 1384; x_wconf 87' lang='lat' dir='ltr'>vitiis</span> <span class='ocrx_word' id='word_1_49' title='bbox 958 1315 1094 1409; x_wconf 89' lang='lat' dir='ltr'>loquat,</span> <span class='ocrx_word' id='word_1_50' title='bbox 1124 1340 1203 1410; x_wconf 83' lang='lat' dir='ltr'>quae</span> 
     </span>
     <span class='ocr_line' id='line_1_8' title="bbox 229 1427 1203 1529; baseline 0.008 -32"><span class='ocrx_word' id='word_1_51' title='bbox 229 1447 328 1499; x_wconf 87' lang='lat' dir='ltr'>natos</span> <span class='ocrx_word' id='word_1_52' title='bbox 349 1427 463 1500; x_wconf 88' lang='lat' dir='ltr'>statim</span> <span class='ocrx_word' id='word_1_53' title='bbox 476 1429 668 1525; x_wconf 83' lang='lat' dir='ltr'>excipiunt,</span> <span class='ocrx_word' id='word_1_54' title='bbox 696 1436 729 1503; x_wconf 86' lang='lat'>&amp;</span> <span class='ocrx_word' id='word_1_55' title='bbox 750 1457 811 1527; x_wconf 91' lang='lat' dir='ltr'>per</span> <span class='ocrx_word' id='word_1_56' title='bbox 828 1434 977 1528; x_wconf 85' lang='lat' dir='ltr'>fingulos</span> <span class='ocrx_word' id='word_1_57' title='bbox 993 1432 1101 1504; x_wconf 89' lang='lat' dir='ltr'>aetatis</span> <span class='ocrx_word' id='word_1_58' title='bbox 1125 1457 1203 1529; x_wconf 87' lang='lat' dir='ltr'>gra·</span> 
     </span>
     <span class='ocr_line' id='line_1_9' title="bbox 227 1544 1203 1645; baseline 0.008 -30"><span class='ocrx_word' id='word_1_59' title='bbox 227 1544 292 1617; x_wconf 89' lang='lat' dir='ltr'>dus</span> <span class='ocrx_word' id='word_1_60' title='bbox 319 1549 566 1634; x_wconf 81' lang='lat' dir='ltr'>cumulantur3</span> <span class='ocrx_word' id='word_1_61' title='bbox 593 1553 615 1622; x_wconf 85' lang='lat' dir='ltr'>sr</span> <span class='ocrx_word' id='word_1_62' title='bbox 641 1550 735 1645; x_wconf 75' lang='lat' dir='ltr'>prius</span> <span class='ocrx_word' id='word_1_63' title='bbox 761 1551 805 1621; x_wconf 90' lang='lat' dir='ltr'>de</span> <span class='ocrx_word' id='word_1_64' title='bbox 834 1549 1010 1623; x_wconf 85' lang='lat' dir='ltr'>severitate</span> <span class='ocrx_word' id='word_1_65' title='bbox 1038 1577 1078 1623; x_wconf 88' lang='lat' dir='ltr'>ac</span> <span class='ocrx_word' id='word_1_66' title='bbox 1101 1550 1203 1623; x_wconf 90' lang='lat' dir='ltr'>disci·</span> 
     </span>
     <span class='ocr_line' id='line_1_10' title="bbox 229 1665 1204 1765; baseline 0.006 -29"><span class='ocrx_word' id='word_1_67' title='bbox 229 1665 324 1761; x_wconf 68' lang='lat' dir='ltr'>plina</span> <span class='ocrx_word' id='word_1_68' title='bbox 341 1665 511 1764; x_wconf 85' lang='lat' dir='ltr'>majorum</span> <span class='ocrx_word' id='word_1_69' title='bbox 524 1668 615 1740; x_wconf 85' lang='lat' dir='ltr'>circa</span> <span class='ocrx_word' id='word_1_70' title='bbox 630 1669 827 1741; x_wconf 87' lang='lat' dir='ltr'>educandos</span> <span class='ocrx_word' id='word_1_71' title='bbox 840 1668 1104 1765; x_wconf 86' lang='lat' dir='ltr'>formandosque</span> <span class='ocrx_word' id='word_1_72' title='bbox 1118 1669 1204 1742; x_wconf 89' lang='lat' dir='ltr'>libe·</span> 
     </span>
     <span class='ocr_line' id='line_1_11' title="bbox 228 1785 1204 1884; baseline 0.005 -29"><span class='ocrx_word' id='word_1_73' title='bbox 228 1809 284 1856; x_wconf 91' lang='lat' dir='ltr'>ros</span> <span class='ocrx_word' id='word_1_74' title='bbox 303 1811 412 1881; x_wconf 86' lang='lat' dir='ltr'>pauca</span> <span class='ocrx_word' id='word_1_75' title='bbox 430 1785 637 1882; x_wconf 83' lang='lat' dir='ltr'>praedixero.</span> <span class='ocrx_word' id='word_1_76' title='bbox 687 1790 768 1881; x_wconf 84' lang='lat' dir='ltr'>Jam</span> <span class='ocrx_word' id='word_1_77' title='bbox 792 1787 960 1883; x_wconf 76' lang='lat' dir='ltr'>primltm,</span> <span class='ocrx_word' id='word_1_78' title='bbox 984 1787 1061 1861; x_wconf 86' lang='lat' dir='ltr'>suus</span> <span class='ocrx_word' id='word_1_79' title='bbox 1078 1787 1204 1884; x_wconf 89' lang='lat' dir='ltr'>cuique</span> 
     </span>
     <span class='ocr_line' id='line_1_12' title="bbox 227 1903 1205 2003; baseline 0.005 -28"><span class='ocrx_word' id='word_1_80' title='bbox 227 1903 333 1992; x_wconf 90' lang='lat' dir='ltr'>filius,</span> <span class='ocrx_word' id='word_1_81' title='bbox 355 1929 400 1975; x_wconf 87' lang='lat' dir='ltr'>ex</span> <span class='ocrx_word' id='word_1_82' title='bbox 417 1904 507 1976; x_wconf 69' lang='lat' dir='ltr'>casta</span> <span class='ocrx_word' id='word_1_83' title='bbox 529 1925 667 2000; x_wconf 89' lang='lat' dir='ltr'>parente</span> <span class='ocrx_word' id='word_1_84' title='bbox 690 1927 803 1994; x_wconf 89' lang='lat' dir='ltr'>natus,</span> <span class='ocrx_word' id='word_1_85' title='bbox 831 1931 902 1977; x_wconf 93' lang='lat' dir='ltr'>non</span> <span class='ocrx_word' id='word_1_86' title='bbox 920 1905 957 1977; x_wconf 90' lang='lat' dir='ltr'>in</span> <span class='ocrx_word' id='word_1_87' title='bbox 974 1907 1059 1979; x_wconf 74' lang='lat' dir='ltr'>cella</span> <span class='ocrx_word' id='word_1_88' title='bbox 1077 1927 1205 2003; x_wconf 82' lang='lat' dir='ltr'>emptae</span> 
     </span>
     <span class='ocr_line' id='line_1_13' title="bbox 227 2021 1204 2120; baseline 0.004 -26"><span class='ocrx_word' id='word_1_89' title='bbox 227 2021 385 2111; x_wconf 92' lang='lat' dir='ltr'>nutricis,</span> <span class='ocrx_word' id='word_1_90' title='bbox 423 2022 480 2095; x_wconf 87' lang='lat' dir='ltr'>sed</span> <span class='ocrx_word' id='word_1_91' title='bbox 509 2023 643 2120; x_wconf 88' lang='lat' dir='ltr'>gremio</span> <span class='ocrx_word' id='word_1_92' title='bbox 669 2048 709 2095; x_wconf 89' lang='lat' dir='ltr'>ac</span> <span class='ocrx_word' id='word_1_93' title='bbox 737 2026 809 2095; x_wconf 89' lang='lat' dir='ltr'>srnu</span> <span class='ocrx_word' id='word_1_94' title='bbox 834 2023 951 2096; x_wconf 85' lang='lat' dir='ltr'>matris</span> <span class='ocrx_word' id='word_1_95' title='bbox 980 2025 1204 2117; x_wconf 85' lang='lat' dir='ltr'>educabatur,</span> 
     </span>
     <span class='ocr_line' id='line_1_14' title="bbox 227 2139 1202 2238; baseline 0.004 -25"><span class='ocrx_word' id='word_1_96' title='bbox 227 2139 325 2236; x_wconf 84' lang='lat' dir='ltr'>cujus</span> <span class='ocrx_word' id='word_1_97' title='bbox 343 2141 520 2238; x_wconf 88' lang='lat' dir='ltr'>praecipua</span> <span class='ocrx_word' id='word_1_98' title='bbox 537 2144 609 2214; x_wconf 90' lang='lat' dir='ltr'>laus</span> <span class='ocrx_word' id='word_1_99' title='bbox 627 2162 710 2231; x_wconf 86' lang='lat' dir='ltr'>erat,</span> <span class='ocrx_word' id='word_1_100' title='bbox 735 2141 821 2214; x_wconf 91' lang='lat' dir='ltr'>tueri</span> <span class='ocrx_word' id='word_1_101' title='bbox 841 2143 1004 2233; x_wconf 89' lang='lat' dir='ltr'>domum,</span> <span class='ocrx_word' id='word_1_102' title='bbox 1032 2144 1070 2216; x_wconf 89' lang='lat'>&amp;</span> <span class='ocrx_word' id='word_1_103' title='bbox 1098 2143 1202 2217; x_wconf 91' lang='lat' dir='ltr'>inser·</span> 
     </span>
     <span class='ocr_line' id='line_1_15' title="bbox 228 2259 1206 2360; baseline 0.005 -29"><span class='ocrx_word' id='word_1_104' title='bbox 228 2259 303 2331; x_wconf 86' lang='lat' dir='ltr'>vire</span> <span class='ocrx_word' id='word_1_105' title='bbox 321 2260 451 2332; x_wconf 87' lang='lat' dir='ltr'>liberis.</span> <span class='ocrx_word' id='word_1_106' title='bbox 502 2261 705 2358; x_wconf 85' lang='lat' dir='ltr'>Eligebatur</span> <span class='ocrx_word' id='word_1_107' title='bbox 720 2283 837 2333; x_wconf 87' lang='lat' dir='ltr'>autem</span> <span class='ocrx_word' id='word_1_108' title='bbox 855 2261 969 2357; x_wconf 92' lang='lat' dir='ltr'>aliqua</span> <span class='ocrx_word' id='word_1_109' title='bbox 995 2261 1105 2360; x_wconf 89' lang='lat' dir='ltr'>major</span> <span class='ocrx_word' id='word_1_110' title='bbox 1121 2282 1206 2336; x_wconf 83' lang='lat' dir='ltr'>natu</span> 
     </span>
     <span class='ocr_line' id='line_1_16' title="bbox 227 2377 1206 2477; baseline 0.007 -28"><span class='ocrx_word' id='word_1_111' title='bbox 227 2377 439 2474; x_wconf 84' lang='lat' dir='ltr'>propinqua,</span> <span class='ocrx_word' id='word_1_112' title='bbox 481 2378 576 2476; x_wconf 85' lang='lat' dir='ltr'>cujus</span> <span class='ocrx_word' id='word_1_113' title='bbox 612 2380 765 2476; x_wconf 90' lang='lat' dir='ltr'>probatis</span> <span class='ocrx_word' id='word_1_114' title='bbox 799 2379 1022 2477; x_wconf 70' lang='lat' dir='ltr'>spectatisque</span> <span class='ocrx_word' id='word_1_115' title='bbox 1050 2383 1206 2456; x_wconf 88' lang='lat' dir='ltr'>moribus</span> 
     </span>
     <span class='ocr_line' id='line_1_17' title="bbox 227 2495 1204 2592; baseline 0.003 -23"><span class='ocrx_word' id='word_1_116' title='bbox 227 2495 342 2569; x_wconf 84' lang='lat' dir='ltr'>omnis</span> <span class='ocrx_word' id='word_1_117' title='bbox 364 2495 513 2592; x_wconf 85' lang='lat' dir='ltr'>ejusdem</span> <span class='ocrx_word' id='word_1_118' title='bbox 531 2496 670 2570; x_wconf 80' lang='lat' dir='ltr'>familiae</span> <span class='ocrx_word' id='word_1_119' title='bbox 688 2499 820 2572; x_wconf 84' lang='lat' dir='ltr'>soboles</span> <span class='ocrx_word' id='word_1_120' title='bbox 838 2499 1125 2590; x_wconf 86' lang='lat' dir='ltr'>committeretur,</span> <span class='ocrx_word' id='word_1_121' title='bbox 1144 2526 1204 2574; x_wconf 91' lang='lat' dir='ltr'>co-</span> 
     </span>
     <span class='ocr_line' id='line_1_18' title="bbox 226 2615 1202 2714; baseline 0.004 -26"><span class='ocrx_word' id='word_1_122' title='bbox 226 2638 300 2688; x_wconf 90' lang='lat' dir='ltr'>ram</span> <span class='ocrx_word' id='word_1_123' title='bbox 317 2618 386 2711; x_wconf 69' lang='lat' dir='ltr'>qua</span> <span class='ocrx_word' id='word_1_124' title='bbox 403 2641 517 2712; x_wconf 89' lang='lat' dir='ltr'>neque</span> <span class='ocrx_word' id='word_1_125' title='bbox 532 2617 646 2689; x_wconf 87' lang='lat' dir='ltr'>dicere</span> <span class='ocrx_word' id='word_1_126' title='bbox 664 2615 713 2688; x_wconf 84' lang='lat' dir='ltr'>fas</span> <span class='ocrx_word' id='word_1_127' title='bbox 736 2636 818 2705; x_wconf 89' lang='lat' dir='ltr'>erat,</span> <span class='ocrx_word' id='word_1_128' title='bbox 845 2619 942 2714; x_wconf 92' lang='lat' dir='ltr'>quod</span> <span class='ocrx_word' id='word_1_129' title='bbox 968 2639 1068 2714; x_wconf 89' lang='lat' dir='ltr'>turpe</span> <span class='ocrx_word' id='word_1_130' title='bbox 1091 2619 1202 2709; x_wconf 73' lang='lat' dir='ltr'>dictu,</span> 
     </span>
     <span class='ocr_line' id='line_1_19' title="bbox 227 2732 1204 2831; baseline 0.002 -24"><span class='ocrx_word' id='word_1_131' title='bbox 227 2759 343 2831; x_wconf 91' lang='lat' dir='ltr'>neque</span> <span class='ocrx_word' id='word_1_132' title='bbox 370 2732 494 2823; x_wconf 86' lang='lat' dir='ltr'>facere,</span> <span class='ocrx_word' id='word_1_133' title='bbox 541 2737 637 2831; x_wconf 92' lang='lat' dir='ltr'>quod</span> <span class='ocrx_word' id='word_1_134' title='bbox 660 2735 881 2807; x_wconf 89' lang='lat' dir='ltr'>inhonestum</span> <span class='ocrx_word' id='word_1_135' title='bbox 902 2733 995 2806; x_wconf 74' lang='lat' dir='ltr'>factu</span> <span class='ocrx_word' id='word_1_136' title='bbox 1020 2736 1204 2809; x_wconf 90' lang='lat' dir='ltr'>videretur.</span> 
     </span>
     <span class='ocr_line' id='line_1_20' title="bbox 228 2848 1205 2948; baseline 0.004 -24"><span class='ocrx_word' id='word_1_137' title='bbox 228 2856 384 2926; x_wconf 87' lang='lat' dir='ltr'>Aenon</span> <span class='ocrx_word' id='word_1_138' title='bbox 418 2853 530 2926; x_wconf 88' lang='lat' dir='ltr'>studia</span> <span class='ocrx_word' id='word_1_139' title='bbox 562 2850 671 2926; x_wconf 81' lang='lat' dir='ltr'>modd</span> <span class='ocrx_word' id='word_1_140' title='bbox 703 2848 880 2948; x_wconf 91' lang='lat' dir='ltr'>curasque,</span> <span class='ocrx_word' id='word_1_141' title='bbox 911 2852 969 2925; x_wconf 90' lang='lat' dir='ltr'>sed</span> <span class='ocrx_word' id='word_1_142' title='bbox 998 2853 1205 2928; x_wconf 85' lang='lat' dir='ltr'>remiffiones</span> 
     </span>
     <span class='ocr_line' id='line_1_21' title="bbox 227 2970 1264 3069; baseline 0.003 -26"><span class='ocrx_word' id='word_1_143' title='bbox 227 2972 329 3044; x_wconf 90' lang='lat' dir='ltr'>etiam</span> <span class='ocrx_word' id='word_1_144' title='bbox 360 2970 518 3069; x_wconf 87' lang='lat' dir='ltr'>lususque</span> <span class='ocrx_word' id='word_1_145' title='bbox 548 2997 746 3069; x_wconf 91' lang='lat' dir='ltr'>puerorum,</span> <span class='ocrx_word' id='word_1_146' title='bbox 780 2970 955 3043; x_wconf 73' lang='lat' dir='ltr'>sanctitate</span> <span class='ocrx_word' id='word_1_147' title='bbox 983 2973 1135 3069; x_wconf 66' lang='lat' dir='ltr'>quddam</span> <span class='ocrx_word' id='word_1_148' title='bbox 1163 2997 1205 3046; x_wconf 89' lang='lat' dir='ltr'>ac</span> <span class='ocrx_word' id='word_1_149' title='bbox 1262 3010 1264 3014; x_wconf 45' lang='lat'><em>⁴</em></span> 
     </span>
     <span class='ocr_line' id='line_1_22' title="bbox 227 3088 1205 3187; baseline 0.003 -27"><span class='ocrx_word' id='word_1_150' title='bbox 227 3090 436 3163; x_wconf 70' lang='lat' dir='ltr'>verecundia</span> <span class='ocrx_word' id='word_1_151' title='bbox 452 3093 677 3187; x_wconf 83' lang='lat' dir='ltr'>temperabat.</span> <span class='ocrx_word' id='word_1_152' title='bbox 727 3089 782 3162; x_wconf 90' lang='lat' dir='ltr'>Sic</span> <span class='ocrx_word' id='word_1_153' title='bbox 809 3088 1008 3162; x_wconf 82' lang='lat' dir='ltr'>Corneliam</span> <span class='ocrx_word' id='word_1_154' title='bbox 1025 3093 1205 3163; x_wconf 90' lang='lat' dir='ltr'>Graccho-</span> 
     </span>
     <span class='ocr_line' id='line_1_23' title="bbox 227 3207 1205 3306; baseline 0.002 -25"><span class='ocrx_word' id='word_1_155' title='bbox 227 3234 322 3298; x_wconf 91' lang='lat' dir='ltr'>rum,</span> <span class='ocrx_word' id='word_1_156' title='bbox 352 3214 396 3283; x_wconf 89' lang='lat' dir='ltr'>fic</span> <span class='ocrx_word' id='word_1_157' title='bbox 430 3211 611 3284; x_wconf 83' lang='lat' dir='ltr'>Aureliam</span> <span class='ocrx_word' id='word_1_158' title='bbox 639 3209 789 3298; x_wconf 83' lang='lat' dir='ltr'>Caesaris,</span> <span class='ocrx_word' id='word_1_159' title='bbox 827 3212 870 3281; x_wconf 83' lang='lat' dir='ltr'>src</span> <span class='ocrx_word' id='word_1_160' title='bbox 903 3207 1021 3280; x_wconf 84' lang='lat' dir='ltr'>Atiam</span> <span class='ocrx_word' id='word_1_161' title='bbox 1054 3209 1205 3306; x_wconf 85' lang='lat' dir='ltr'>Augusti</span> 
     </span>
     <span class='ocr_line' id='line_1_24' title="bbox 229 3327 1206 3424; baseline 0.001 -24"><span class='ocrx_word' id='word_1_162' title='bbox 229 3348 377 3400; x_wconf 90' lang='lat' dir='ltr'>matrem</span> <span class='ocrx_word' id='word_1_163' title='bbox 409 3328 580 3424; x_wconf 85' lang='lat' dir='ltr'>praefuill&#39;e</span> <span class='ocrx_word' id='word_1_164' title='bbox 617 3328 889 3416; x_wconf 84' lang='lat' dir='ltr'>educationibus,</span> <span class='ocrx_word' id='word_1_165' title='bbox 925 3351 966 3399; x_wconf 89' lang='lat' dir='ltr'>ac</span> <span class='ocrx_word' id='word_1_166' title='bbox 1009 3327 1206 3422; x_wconf 83' lang='lat' dir='ltr'>produxiffe</span> 
     </span>
     <span class='ocr_line' id='line_1_25' title="bbox 232 3443 1203 3544; baseline 0.005 -30"><span class='ocrx_word' id='word_1_167' title='bbox 232 3444 403 3540; x_wconf 89' lang='lat' dir='ltr'>principes</span> <span class='ocrx_word' id='word_1_168' title='bbox 420 3446 544 3520; x_wconf 89' lang='lat' dir='ltr'>liberos</span> <span class='ocrx_word' id='word_1_169' title='bbox 561 3447 781 3544; x_wconf 87' lang='lat' dir='ltr'>accepimus:</span> <span class='ocrx_word' id='word_1_170' title='bbox 810 3473 887 3543; x_wconf 87' lang='lat' dir='ltr'>quae</span> <span class='ocrx_word' id='word_1_171' title='bbox 909 3443 1087 3541; x_wconf 83' lang='lat' dir='ltr'>disciplina</span> <span class='ocrx_word' id='word_1_172' title='bbox 1098 3472 1138 3519; x_wconf 87' lang='lat' dir='ltr'>ac</span> <span class='ocrx_word' id='word_1_173' title='bbox 1153 3446 1203 3519; x_wconf 90' lang='lat' dir='ltr'>se·</span> 
     </span>
     <span class='ocr_line' id='line_1_26' title="bbox 230 3562 1204 3662; baseline 0.001 -27"><span class='ocrx_word' id='word_1_174' title='bbox 230 3562 351 3635; x_wconf 89' lang='lat' dir='ltr'>veritas</span> <span class='ocrx_word' id='word_1_175' title='bbox 380 3564 422 3634; x_wconf 81' lang='lat' dir='ltr'>ed</span> <span class='ocrx_word' id='word_1_176' title='bbox 457 3566 662 3660; x_wconf 91' lang='lat' dir='ltr'>pertinebat,</span> <span class='ocrx_word' id='word_1_177' title='bbox 693 3586 732 3638; x_wconf 91' lang='lat' dir='ltr'>ut</span> <span class='ocrx_word' id='word_1_178' title='bbox 758 3569 895 3652; x_wconf 75' lang='lat' dir='ltr'>sincera,</span> <span class='ocrx_word' id='word_1_179' title='bbox 922 3564 959 3633; x_wconf 74' lang='grc' dir='ltr'>δι</span> <span class='ocrx_word' id='word_1_180' title='bbox 983 3563 1130 3662; x_wconf 87' lang='lat' dir='ltr'>integra,</span> <span class='ocrx_word' id='word_1_181' title='bbox 1165 3565 1204 3636; x_wconf 76' lang='grc' dir='ltr'>δε</span> 
     </span>
     <span class='ocr_line' id='line_1_27' title="bbox 228 3681 1204 3778; baseline 0.002 -22"><span class='ocrx_word' id='word_1_182' title='bbox 228 3682 332 3756; x_wconf 86' lang='lat' dir='ltr'>nullis</span> <span class='ocrx_word' id='word_1_183' title='bbox 355 3681 580 3778; x_wconf 88' lang='lat' dir='ltr'>pravitatibus</span> <span class='ocrx_word' id='word_1_184' title='bbox 606 3687 754 3773; x_wconf 89' lang='lat' dir='ltr'>detorta,</span> <span class='ocrx_word' id='word_1_185' title='bbox 792 3681 1055 3777; x_wconf 88' lang='lat' dir='ltr'>uniuscujusque</span> <span class='ocrx_word' id='word_1_186' title='bbox 1084 3704 1204 3758; x_wconf 87' lang='lat' dir='ltr'>natura</span> 
     </span>
     <span class='ocr_line' id='line_1_28' title="bbox 229 3800 1205 3899; baseline 0.001 -24"><span class='ocrx_word' id='word_1_187' title='bbox 229 3822 305 3875; x_wconf 88' lang='lat' dir='ltr'>toto</span> <span class='ocrx_word' id='word_1_188' title='bbox 323 3801 436 3874; x_wconf 89' lang='lat' dir='ltr'>statim</span> <span class='ocrx_word' id='word_1_189' title='bbox 453 3804 591 3897; x_wconf 66' lang='lat' dir='ltr'>pedore</span> <span class='ocrx_word' id='word_1_190' title='bbox 608 3803 768 3899; x_wconf 90' lang='lat' dir='ltr'>arriperet</span> <span class='ocrx_word' id='word_1_191' title='bbox 784 3823 870 3874; x_wconf 89' lang='lat' dir='ltr'>artes</span> <span class='ocrx_word' id='word_1_192' title='bbox 886 3800 1058 3889; x_wconf 89' lang='lat' dir='ltr'>honestas,</span> <span class='ocrx_word' id='word_1_193' title='bbox 1081 3802 1118 3872; x_wconf 74' lang='grc' dir='ltr'>δι</span> <span class='ocrx_word' id='word_1_194' title='bbox 1136 3805 1205 3876; x_wconf 82' lang='lat' dir='ltr'>live</span> 
     </span>
     <span class='ocr_line' id='line_1_29' title="bbox 230 3920 1204 4017; baseline -0.001 -21"><span class='ocrx_word' id='word_1_195' title='bbox 230 3924 367 3997; x_wconf 83' lang='lat' dir='ltr'>adrem</span> <span class='ocrx_word' id='word_1_196' title='bbox 384 3920 583 4014; x_wconf 88' lang='lat' dir='ltr'>militarem,</span> <span class='ocrx_word' id='word_1_197' title='bbox 611 3925 678 3994; x_wconf 85' lang='lat' dir='ltr'>five</span> <span class='ocrx_word' id='word_1_198' title='bbox 693 3920 833 4017; x_wconf 82' lang='lat' dir='ltr'>adjutis</span> <span class='ocrx_word' id='word_1_199' title='bbox 856 3920 1044 4011; x_wconf 84' lang='lat' dir='ltr'>scientiam,</span> <span class='ocrx_word' id='word_1_200' title='bbox 1075 3922 1141 3994; x_wconf 85' lang='lat' dir='ltr'>five</span> <span class='ocrx_word' id='word_1_201' title='bbox 1158 3921 1204 3995; x_wconf 89' lang='lat' dir='ltr'>ad</span> 
     </span>
    </p>
   </div>
   <div class='ocr_carea' id='block_1_3' title="bbox 714 4041 797 4139">
    <p class='ocr_par' dir='ltr' id='par_1_3' title="bbox 714 4041 797 4139">
     <span class='ocr_line' id='line_1_30' title="bbox 714 4041 797 4139; baseline 0 0"><span class='ocrx_word' id='word_1_202' title='bbox 714 4041 797 4139; x_wconf 73' lang='lat' dir='ltr'>Da</span> 
     </span>
    </p>
   </div>
   <div class='ocr_carea' id='block_1_4' title="bbox 0 0 1505 5144">
    <p class='ocr_par' dir='ltr' id='par_1_4' title="bbox 0 0 1505 5144">
     <span class='ocr_line' id='line_1_31' title="bbox 0 0 1505 5144; baseline 0 0"><span class='ocrx_word' id='word_1_203' title='bbox 0 0 1505 5144; x_wconf 95' lang='lat' dir='ltr'> </span> 
     </span>
    </p>
   </div>
  </div>
 </body>
</html>
