3000 5144
402 534 649 612 Dreroous
688 557 745 607 on
779 535 1104 608 Orthronrsus.
1190 556 1239 632 49

261 706 353 782 sunt.
402 710 460 781 Ex
488 707 541 781 his
566 707 712 806 intelligi
740 708 852 805 potest
874 708 941 780 Cn.
967 707 1177 807 Pompeium
1203 712 1238 781 dr

260 829 430 903 Marcum
444 828 601 902 Crassum
620 853 691 901 non
708 828 839 901 viribus
863 826 971 900 modo
987 831 1021 901 &
1038 828 1155 918 armis,
1180 826 1240 901 sed

261 945 406 1046 ingenio
423 950 617 1045 quoque&
642 947 799 1021 oratione
815 946 975 1020 valuisse:
994 948 1179 1038 Lentulos,
1206 951 1240 1022 δι

259 1067 441 1156 Metellos,
464 1064 502 1137 δι
533 1067 718 1157 Lucullos,
749 1070 782 1140 δι
811 1064 993 1155 Curiones,
1024 1069 1058 1139 &
1092 1086 1239 1140 ceteram

260 1209 447 1284 procerum
476 1213 636 1278 manum,
666 1188 818 1260 multum
847 1186 883 1258 in
906 1186 959 1258 his
980 1184 1099 1258 studiis
1124 1210 1240 1281 operae

261 1327 426 1402 curaeque
453 1305 624 1403 posuisse:
654 1331 718 1379 nec
745 1329 960 1402 quemquam
980 1304 1048 1377 illis
1076 1305 1241 1401 tempori·

259 1423 327 1498 bus
353 1450 522 1524 magnam
549 1424 757 1521 potentiam,
787 1428 857 1499 srne
882 1423 1093 1521 eloquentis,
1123 1423 1241 1499 conse-

260 1561 395 1618 cutum.
444 1542 515 1619 His
525 1544 712 1617 accedebat
728 1545 889 1641 splendor
905 1569 1032 1634 rerum,
1051 1543 1088 1615 &
1103 1544 1239 1641 magni-

259 1663 348 1736 tudo
363 1662 555 1753 causarum,
581 1689 660 1762 quae
678 1660 800 1759 &ipsa
827 1661 1020 1759 plurimum
1036 1661 1243 1758 eloquentiae

262 1781 435 1878 praestant.
498 1784 596 1856 Nam
637 1782 789 1855 multum
819 1780 971 1872 interest,
1005 1800 1170 1855 utrumne
1196 1784 1242 1856 de

261 1897 370 1990 furto,
387 1921 447 1974 aut
462 1900 623 1993 formulis,
643 1900 680 1972 &
697 1899 879 1973 interdido
896 1899 1084 1973 dicendum
1100 1902 1239 1991 habeas,

261 2042 308 2091 an
323 2019 369 2093 de
384 2018 521 2094 ambitu
537 2019 774 2108 comitiorum,
792 2017 952 2116 expilatis
967 2017 1079 2108 sociis,
1098 2023 1132 2092 &
1156 2019 1241 2094 civi·

260 2138 328 2211 bus
367 2138 564 2213 trucidatis:
604 2164 682 2235 quae
722 2139 813 2212 mala
853 2141 937 2211 srcut
979 2163 1051 2210 non
1084 2138 1242 2212 accidere

264 2256 389 2331 melius
417 2259 481 2348 est,
508 2257 604 2356 isque
627 2258 781 2355 optimus
808 2256 956 2331 civitatis
981 2257 1086 2331 status
1113 2260 1243 2332 haben·

261 2375 328 2449 dus
353 2375 417 2465 est,
443 2400 517 2472 quo
540 2374 628 2449 nihil
644 2378 712 2451 tale
736 2376 906 2475 patimur:
933 2377 982 2449 ita
1002 2378 1085 2450 cirm
1106 2378 1242 2453 accide-

262 2511 354 2583 rent,
401 2493 582 2590 ingentem
621 2495 827 2593 eloquentiae
863 2497 1043 2570 materiam
1078 2494 1246 2571 submini-

263 2611 431 2685 strabant.
478 2611 607 2686 Crescit
637 2614 733 2686 enim
763 2641 845 2688 cum
873 2615 1104 2713 amplitudine
1132 2642 1247 2690 rerum

263 2729 317 2804 vis
344 2727 490 2829 ingenii,
525 2755 590 2805 nec
622 2731 804 2829 quisquam
836 2735 964 2808 claram
997 2737 1031 2808 δι
1063 2734 1243 2810 inlustrem

263 2848 458 2923 orationem
482 2851 617 2924 efficere
644 2853 770 2950 potest,
798 2852 859 2926 nisr
881 2851 943 2949 qui
965 2851 1102 2927 causam
1124 2880 1245 2951 parem

264 2965 408 3042 invenit.
443 2971 544 3061 Non,
563 2970 699 3067 opinor,
717 2972 991 3045 Demosthenem
1007 2972 1177 3047 orationes
1194 2975 1247 3048 in·
1357 3008 1363 3018 ·

265 3087 424 3177 lustrant,
458 3113 545 3186 quas
575 3090 740 3163 adversus
764 3111 893 3165 tutores
920 3092 996 3165 suos
1024 3092 1245 3190 composuit:

264 3231 330 3282 nec
356 3207 575 3297 Ciceronem,
600 3234 770 3306 magnum
801 3230 974 3284 oratorem
1008 3214 1049 3284 P.
1082 3212 1248 3310 Qrintius

264 3325 421 3400 defensus
436 3346 496 3401 aut
511 3327 670 3402 Licinius
687 3330 833 3404 Archias
846 3330 996 3403 saciunt:
1024 3331 1186 3420 Catilina,
1208 3331 1247 3401 δι

265 3442 375 3534 Milo,
395 3447 428 3517 δι
445 3448 583 3536 Verres,
601 3452 635 3521 &
654 3449 843 3538 Antonius,
861 3451 951 3522 hanc
969 3449 1017 3521 illi
1034 3448 1163 3522 samam
1180 3449 1246 3522 cir-

268 3562 544 3639 cumdederunt:
563 3591 649 3657 non,
662 3568 744 3663 quia
754 3568 840 3641 tanti
852 3567 916 3641 suit
929 3568 1128 3665 reipublicae
1139 3570 1250 3642 malos

266 3679 353 3755 serre
365 3680 473 3775 cives,
489 3705 529 3759 ut
549 3688 695 3779 uberem
712 3690 756 3761 ad
772 3687 963 3760 dicendum
982 3686 1159 3760 materiam
1172 3711 1249 3763 ora-

268 3817 357 3874 tores
373 3803 538 3878 haberent
554 3833 563 3878 :
582 3803 654 3895 sed,
672 3825 710 3878 ut
726 3806 870 3880 subinde
886 3807 1073 3894 admoneo,
1092 3805 1249 3901 quaestio·

269 3918 321 3996 nis
337 3922 609 4017 meminerimus,
631 3923 843 4022 sciamusque
866 3951 929 4001 nos
952 3925 998 3999 de
1021 3927 1060 4000 est
1083 3947 1118 3999 re
1141 3925 1251 4022 loqui,

745 4043 779 4118 E
