3000 5144
320 558 569 632 Draaoeus
609 583 667 630 na
705 561 1034 632 Onasonraos.
1146 591 1168 657 9

201 728 354 801 defendi:
387 728 443 801 sed
469 735 502 801 δι
534 729 643 824 ipsum
668 728 777 801 solum
800 732 891 825 apud
919 757 979 802 vos
1011 756 1168 827 arguam,

202 846 296 941 quod
316 870 414 919 natus
439 849 482 919 ad
508 848 738 943 eloquentiam
757 848 890 918 virilem
917 849 952 916 δι
971 848 1168 935 oratoriam,

201 969 269 1058 qus
286 991 402 1058 parare
427 969 573 1037 simul&
592 965 677 1037 tueri
703 965 882 1052 amicitias,
911 965 1092 1038 adsciscere
1110 992 1169 1037 na-

199 1082 321 1170 tiones,
356 1085 542 1179 complesli
573 1084 762 1179 provincias
798 1087 910 1179 poffit,
946 1084 1071 1154 amittit
1099 1086 1168 1156 stu·

198 1202 310 1289 diurn,
336 1227 408 1297 quo
432 1229 504 1274 non
528 1203 620 1273 aliud
655 1203 689 1273 in
719 1202 857 1273 civitate
892 1202 1005 1271 nollrst
1034 1204 1089 1273 vel
1123 1204 1168 1274 ad

197 1319 379 1391 utilitatem
421 1320 635 1408 srusluofius,
675 1322 729 1392 vel
771 1322 813 1391 ad
855 1319 1060 1415 dignitatem
1092 1346 1167 1392 arn-

198 1439 300 1533 plius,
336 1441 391 1509 vel
425 1440 468 1509 ad
498 1438 607 1511 Urbis
641 1438 770 1510 samam
802 1438 991 1534 pulchrius,
1035 1441 1090 1511 vel
1123 1442 1166 1512 ad

197 1556 300 1627 totius
328 1557 462 1651 imperii
491 1579 593 1653 atque
627 1557 786 1629 omnium
822 1557 979 1653 gentium
1008 1557 1166 1630 notitiam

199 1674 369 1746 inlustrius
399 1675 587 1772 excogitari
617 1675 738 1770 potest.
798 1679 893 1747 Nam
929 1681 950 1748 s1
977 1678 1021 1747 ad
1043 1676 1168 1748 utilita-

196 1813 265 1863 tem
284 1793 363 1864 vitae
386 1794 503 1865 omnia
523 1794 660 1866 consilia
688 1792 848 1889 faslaque
876 1793 990 1865 nostra
1013 1793 1165 1890 dirigen-

196 1913 241 1982 da
267 1909 358 1999 sunt,
394 1912 478 2007 quid
503 1911 567 1983 erit
600 1911 717 1999 tutius,
760 1913 866 2007 quam
898 1937 975 1983 eam
1008 1937 1166 1985 exercere

194 2051 314 2117 artem,
357 2034 426 2125 qua
458 2029 589 2124 semper
622 2050 772 2100 armatus
805 2030 997 2125 praesrdium
1033 2031 1165 2119 amicis,
1236 2027 1237 2030 ¹

192 2175 295 2244 opem
314 2146 445 2236 alienis,
475 2147 616 2220 salutem
634 2148 915 2243 periclitantibus,
943 2148 1066 2220 invidis
1084 2150 1166 2222 vero

194 2274 226 2339 δι
258 2265 407 2338 inimicis
431 2271 623 2338 metum&
655 2286 818 2338 terrorem
849 2268 938 2339 ultro
971 2270 1069 2356 seras,
1096 2267 1165 2364 ipse

192 2386 338 2474 securus,
370 2391 403 2458 &
443 2385 538 2456 velut
572 2386 723 2481 quasdam
756 2388 919 2481 perpetual
950 2387 1100 2481 potentiss
1124 2413 1165 2460 ac

191 2504 353 2601 potestate
392 2504 572 2575 munitus?
611 2503 706 2600 eujus
738 2505 790 2576 vis
824 2511 857 2577 δι
890 2505 1030 2594 utilitas,
1063 2509 1164 2579 rebus

192 2622 352 2717 prospere
377 2622 574 2710 fluentibus,
597 2623 742 2694 aliorum
760 2622 915 2719 praesrdio
935 2628 967 2695 δι
987 2628 1092 2697 tutell
1109 2625 1162 2697 in-

191 2740 383 2836 telligitur:
406 2744 452 2811 sm
470 2740 650 2836 proprium
668 2741 861 2836 periculum
879 2740 1065 2837 increpuit,
1091 2769 1162 2814 non

190 2861 329 2932 hercule
352 2858 469 2946 lorica,
495 2879 554 2929 aut
576 2859 710 2954 gladius
737 2859 771 2929 in
796 2858 868 2931 acie
892 2858 1023 2930 firmius
1048 2861 1161 2932 muni·

188 3000 361 3065 mentum,
380 2979 486 3074 quim
506 3003 564 3049 teo
578 2976 832 3072 &periclitanti
850 2977 1059 3072 eloquentia,
1074 3004 1161 3073 prae-

190 3099 312 3170 sidium
343 3098 439 3168 simul
469 3100 501 3167 ἃ
531 3098 653 3184 telum,
677 3122 748 3191 quo
774 3121 993 3192 propugnare
1021 3096 1159 3192 pariter,

189 3222 222 3289 ὃ(
240 3218 411 3303 incessere,
427 3217 481 3286 vel
498 3213 691 3311 injudiei0,
707 3218 773 3286 five
790 3214 824 3285 in
841 3213 972 3302 senatu,
988 3218 1053 3286 su'e
1066 3218 1159 3311 apud

187 3335 387 3430 Principem
418 3336 527 3428 pollis,
593 3332 689 3430 Qrid
719 3333 811 3404 aliud
844 3331 972 3404 infestis
1008 3334 1159 3428 patribus

188 3477 298 3546 nuper
316 3453 441 3549 Eprius
460 3455 662 3541 Marcellus,
681 3453 787 3547 quim
813 3451 1043 3547 eloquentiam
1062 3451 1159 3526 suam

186 3569 374 3666 opposuit?
403 3572 463 3668 qui
491 3573 713 3645 aecinslus&
745 3570 877 3659 minax,
900 3568 1057 3641 disertam
1082 3573 1156 3667 qui-

186 3690 284 3778 dem,
311 3688 366 3761 sed
392 3690 663 3777 inexercitatam,
695 3686 912 3783 &ejusmodi
932 3687 1157 3761 certaminum

188 3809 310 3881 rudem
327 3808 487 3882 Helvirlii
512 3806 710 3905 sapientiam
736 3808 841 3878 elusit.
892 3806 994 3876 Plura
1016 3806 1060 3877 de
1087 3806 1154 3878 uti-
