3000 5144
268 577 313 636 22
499 558 1067 636 C.Conuaa11Tncrrr

265 734 499 830 explicaverit,
533 737 640 830 quiam
665 754 718 824 tu,
744 736 785 808 ad
811 733 906 832 cujus
929 734 1102 809 summam
1129 735 1250 811 crudi·

266 854 398 926 tionem
417 859 449 925 &
469 855 778 950 praestantissimum
794 854 973 952 ingenium
1001 840 1083 929 cura
1099 881 1250 954 quoque

268 976 304 1046 δι
331 973 510 1046 meditatio
539 976 698 1047 accessit?
731 977 778 1047 Et
795 973 943 1065 Meffala,
974 972 1159 1070 Aperiam,
1192 974 1249 1047 in-

269 1091 359 1187 quit,
390 1092 615 1189 cogitationes
636 1117 743 1183 meas,
771 1097 793 1165 si
810 1093 897 1166 illud
917 1092 1054 1167 avobis
1071 1094 1152 1165 ante
1177 1091 1249 1166 irn-

269 1233 464 1307 petravem,
483 1230 520 1282 ut
532 1235 594 1283 vos
611 1236 752 1307 quoque
763 1212 953 1285 sermonem
970 1213 1065 1285 hunc
1083 1211 1248 1286 nostrum

269 1330 449 1427 adjuvetis.
485 1332 552 1401 Pro
569 1331 707 1403 duobus
719 1329 833 1427 inquit
850 1332 1032 1419 Materruss,
1052 1329 1245 1426 promitto:

267 1456 396 1524 nam&
423 1452 540 1546 ego&
563 1449 738 1522 Secundus
764 1449 991 1553 exsequemur
1007 1470 1131 1544 partes,
1158 1475 1248 1544 quas

267 1568 537 1641 intellexerimus
553 1589 586 1642 te
603 1588 760 1640 nontam
777 1567 923 1641 omisisse
933 1567 1041 1661 quim
1065 1566 1168 1640 nobis
1191 1593 1245 1641 re·

269 1688 413 1782 liquisse.
448 1693 586 1784 Aprum
603 1688 695 1761 enim
708 1686 813 1759 solere
825 1684 1008 1773 dissentire,
1026 1690 1059 1757 &
1072 1703 1110 1757 tu
1124 1689 1247 1781 paullo

269 1808 348 1880 ante
365 1807 496 1896 dixisti,
524 1812 556 1880 δι
577 1804 647 1903 ipse
663 1804 737 1878 satis
760 1805 956 1878 manifestus
971 1803 1246 1901 estjamdudum

269 1926 306 1998 in
324 1927 535 2000 contrarium
562 1924 713 2022 accingi,
739 1949 802 1997 nec
829 1947 929 2020 aequo
953 1923 1069 1997 animo
1095 1924 1245 2020 perferre

268 2047 359 2118 hanc
377 2046 529 2118 nostram
558 2070 621 2141 pro
638 2043 861 2137 antiquorum
887 2043 988 2116 laude
1004 2044 1243 2119 concordiam.

266 2167 354 2236 Non
368 2167 474 2253 enim,
507 2162 618 2257 inquit
636 2164 736 2258 Aper,
762 2161 958 2234 inauditum
977 2167 1009 2234 δι
1028 2160 1244 2238 indefensum

267 2279 430 2352 saeculum
455 2281 610 2353 nostrum
639 2281 745 2378 patiar
769 2284 833 2356 hac
857 2281 963 2354 vestrl
991 2279 1246 2378 conspiratione

266 2398 433 2470 damnari.
483 2400 549 2470 Sed
567 2401 635 2472 hoc
654 2399 806 2496 primum
822 2401 1056 2496 interrogabo,
1074 2424 1161 2494 quos
1177 2428 1242 2475 vo-

266 2516 351 2588 cetis
376 2516 549 2610 antiquos,
577 2542 683 2613 quam
713 2541 888 2593 oratorum
916 2539 1050 2592 aetatem
1069 2520 1242 2617 significa·

266 2635 359 2708 tione
396 2635 458 2708 ista
484 2637 746 2712 determinetis?
786 2641 866 2736 Ego
899 2639 993 2712 enim
1022 2639 1106 2711 clun
1135 2641 1243 2716 audio

267 2754 440 2850 antiquos,
464 2754 631 2852 quosdam
647 2763 828 2831 veteres&
846 2759 930 2831 olim
949 2778 1044 2831 natos
1058 2757 1241 2858 intellig03

264 2901 304 2948 ac
333 2875 418 2947 milri
440 2875 614 2948 versantur
641 2897 720 2949 ante
736 2879 853 2949 oculos
883 2879 1020 2971 Ulyffes
1042 2883 1075 2950 ὃ(
1094 2879 1239 2970 Nestor,

265 3020 416 3089 quorum
434 3015 513 3067 aetas
531 2996 626 3067 mille
650 2995 718 3070 sere
736 3001 768 3069 δι
785 2996 943 3068 trecentis
959 2995 1056 3068 annis
1073 2994 1239 3071 saeculum

264 3113 419 3185 nostrum
448 3115 639 3187 antecedit:
669 3141 730 3187 vos
759 3135 876 3187 autem
900 3116 1171 3189 Demosthenem
1203 3123 1238 3193 δι

265 3233 487 3327 Hyperidem
517 3232 684 3328 profertis,
710 3258 797 3328 quos
820 3234 896 3305 satis
927 3236 1058 3307 constat
1084 3235 1238 3332 Philippi

266 3355 299 3421 ἃ
320 3352 509 3423 Alexandri
536 3352 749 3447 temporibus
777 3353 947 3427 floruisse:
979 3354 1026 3425 ita
1051 3374 1167 3427 tamen
1197 3377 1238 3427 ut

265 3468 403 3565 utrique
421 3469 609 3565 superstites
637 3473 754 3542 client.
806 3476 862 3544 Ex
888 3497 958 3566 quo
986 3493 1138 3569 apparet,
1163 3499 1236 3546 non

264 3589 375 3658 multo
395 3591 508 3683 plures
526 3591 632 3684 quim
651 3616 746 3662 cccc
764 3616 870 3662 annos
886 3591 1038 3663 interesse
1055 3591 1141 3664 inter
1158 3592 1235 3667 nos-

262 3724 351 3777 tram
369 3710 399 3776 &
420 3708 659 3780 Demosthenis
679 3730 839 3781 aetatem:
868 3712 966 3806 quod
982 3709 1128 3806 spatium
1145 3731 1235 3782 tem-

262 3824 367 3918 poris,
393 3829 414 3896 si
442 3827 486 3896 ad
505 3826 735 3900 infirmitatem
759 3854 943 3925 corporum
959 3829 1153 3901 nostrorum
1181 3855 1233 3902 re-

258 3941 356 4032 seras,
389 3941 524 4019 fortasse
552 3947 698 4048 longum
728 3948 904 4023 videatur:
944 3952 967 4022 st
1000 3948 1045 4021 ad
1069 3971 1232 4022 naturam
