<?xml version="1.0" encoding="UTF-8"?>
<!DOCTYPE html PUBLIC "-//W3C//DTD XHTML 1.0 Transitional//EN"
    "http://www.w3.org/TR/xhtml1/DTD/xhtml1-transitional.dtd">
<html xmlns="http://www.w3.org/1999/xhtml" xml:lang="en" lang="en">
 <head>
  <title>
</title>
<meta http-equiv="Content-Type" content="text/html;charset=utf-8" />
  <meta name='ocr-system' content='tesseract 3.04.00' />
  <meta name='ocr-capabilities' content='ocr_page ocr_carea ocr_par ocr_line ocrx_word'/>
</head>
<body>
  <div class='ocr_page' id='page_1' title='image "./ccorneliitaciti02ernegoog_0178.png"; bbox 0 0 3000 5144; ppageno 0'>
   <div class='ocr_carea' id='block_1_1' title="bbox 458 593 1237 693">
    <p class='ocr_par' dir='ltr' id='par_1_1' title="bbox 458 593 1237 693">
     <span class='ocr_line' id='line_1_1' title="bbox 458 593 1237 693; baseline 0.001 -26"><span class='ocrx_word' id='word_1_1' title='bbox 458 594 849 667; x_wconf 80' lang='lat' dir='ltr'>Hrsronrnnunr</span> <span class='ocrx_word' id='word_1_2' title='bbox 886 593 995 665; x_wconf 85' lang='lat' dir='ltr'>Lrn.</span> <span class='ocrx_word' id='word_1_3' title='bbox 1030 593 1093 664; x_wconf 91' lang='lat' dir='ltr'>Ill.</span> <span class='ocrx_word' id='word_1_4' title='bbox 1172 598 1237 693; x_wconf 89' lang='lat'>169</span> 
     </span>
    </p>
   </div>
   <div class='ocr_carea' id='block_1_2' title="bbox 175 759 1239 4072">
    <p class='ocr_par' dir='ltr' id='par_1_2' title="bbox 268 759 1238 977">
     <span class='ocr_line' id='line_1_2' title="bbox 268 759 1238 858; baseline 0.001 -24"><span class='ocrx_word' id='word_1_5' title='bbox 268 760 409 834; x_wconf 72' lang='lat' dir='ltr'>millus:</span> <span class='ocrx_word' id='word_1_6' title='bbox 437 785 501 834; x_wconf 89' lang='lat' dir='ltr'>nec</span> <span class='ocrx_word' id='word_1_7' title='bbox 529 760 596 849; x_wconf 91' lang='lat' dir='ltr'>his,</span> <span class='ocrx_word' id='word_1_8' title='bbox 631 778 689 834; x_wconf 86' lang='lat' dir='ltr'>aut</span> <span class='ocrx_word' id='word_1_9' title='bbox 713 759 794 852; x_wconf 88' lang='lat' dir='ltr'>illis,</span> <span class='ocrx_word' id='word_1_10' title='bbox 821 762 986 858; x_wconf 89' lang='lat' dir='ltr'>proelium</span> <span class='ocrx_word' id='word_1_11' title='bbox 1014 762 1238 852; x_wconf 85' lang='lat' dir='ltr'>tentantibus,</span> 
     </span>
     <span class='ocr_line' id='line_1_3' title="bbox 268 878 901 977; baseline 0.003 -25"><span class='ocrx_word' id='word_1_12' title='bbox 268 879 406 952; x_wconf 88' lang='lat' dir='ltr'>fortuna</span> <span class='ocrx_word' id='word_1_13' title='bbox 423 880 572 977; x_wconf 87' lang='lat' dir='ltr'>partium</span> <span class='ocrx_word' id='word_1_14' title='bbox 584 879 668 952; x_wconf 89' lang='lat' dir='ltr'>alibi</span> <span class='ocrx_word' id='word_1_15' title='bbox 685 878 860 954; x_wconf 73' lang='lat' dir='ltr'>transada.</span> <span class='ocrx_word' id='word_1_16' title='bbox 894 887 901 898; x_wconf 92' lang='lat'><em>&#39;</em></span> 
     </span>
    </p>

    <p class='ocr_par' dir='ltr' id='par_1_3' title="bbox 175 998 1239 3691">
     <span class='ocr_line' id='line_1_4' title="bbox 315 998 1238 1095; baseline 0.002 -25"><span class='ocrx_word' id='word_1_17' title='bbox 315 1001 378 1072; x_wconf 89' lang='lat' dir='ltr'>VI.</span> <span class='ocrx_word' id='word_1_18' title='bbox 404 1004 609 1088; x_wconf 70' lang='lat' dir='ltr'>Aaromo,</span> <span class='ocrx_word' id='word_1_19' title='bbox 627 998 822 1071; x_wconf 82' lang='lat' dir='ltr'>vexillarios</span> <span class='ocrx_word' id='word_1_20' title='bbox 846 1024 865 1071; x_wconf 91' lang='lat' dir='ltr'>e</span> <span class='ocrx_word' id='word_1_21' title='bbox 881 1001 1093 1090; x_wconf 88' lang='lat' dir='ltr'>cohortibus,</span> <span class='ocrx_word' id='word_1_22' title='bbox 1112 1004 1146 1073; x_wconf 76' lang='grc' dir='ltr'>δι</span> <span class='ocrx_word' id='word_1_23' title='bbox 1160 1024 1238 1095; x_wconf 93' lang='lat' dir='ltr'>par-</span> 
     </span>
     <span class='ocr_line' id='line_1_5' title="bbox 267 1116 1239 1215; baseline 0.002 -27"><span class='ocrx_word' id='word_1_24' title='bbox 267 1135 340 1189; x_wconf 92' lang='lat' dir='ltr'>tem</span> <span class='ocrx_word' id='word_1_25' title='bbox 373 1117 531 1215; x_wconf 89' lang='lat' dir='ltr'>equitum</span> <span class='ocrx_word' id='word_1_26' title='bbox 559 1118 605 1190; x_wconf 89' lang='lat' dir='ltr'>ad</span> <span class='ocrx_word' id='word_1_27' title='bbox 638 1116 870 1191; x_wconf 81' lang='lat' dir='ltr'>invadendam</span> <span class='ocrx_word' id='word_1_28' title='bbox 907 1117 1043 1192; x_wconf 91' lang='lat' dir='ltr'>Italiam</span> <span class='ocrx_word' id='word_1_29' title='bbox 1082 1118 1239 1214; x_wconf 83' lang='lat' dir='ltr'>rapienti,</span> 
     </span>
     <span class='ocr_line' id='line_1_6' title="bbox 267 1235 1239 1332; baseline 0.002 -25"><span class='ocrx_word' id='word_1_30' title='bbox 267 1260 384 1309; x_wconf 88' lang='lat' dir='ltr'>comes</span> <span class='ocrx_word' id='word_1_31' title='bbox 409 1235 476 1309; x_wconf 90' lang='lat' dir='ltr'>fuit</span> <span class='ocrx_word' id='word_1_32' title='bbox 501 1236 622 1309; x_wconf 89' lang='lat' dir='ltr'>Arrius</span> <span class='ocrx_word' id='word_1_33' title='bbox 650 1239 775 1326; x_wconf 88' lang='lat' dir='ltr'>Varus,</span> <span class='ocrx_word' id='word_1_34' title='bbox 808 1237 963 1308; x_wconf 89' lang='lat' dir='ltr'>strennus</span> <span class='ocrx_word' id='word_1_35' title='bbox 985 1238 1101 1322; x_wconf 90' lang='lat' dir='ltr'>bello;</span> <span class='ocrx_word' id='word_1_36' title='bbox 1132 1262 1239 1332; x_wconf 87' lang='lat' dir='ltr'>quam</span> 
     </span>
     <span class='ocr_line' id='line_1_7' title="bbox 268 1354 1239 1451; baseline 0.003 -26"><span class='ocrx_word' id='word_1_37' title='bbox 268 1354 413 1449; x_wconf 80' lang='lat' dir='ltr'>gloriam</span> <span class='ocrx_word' id='word_1_38' title='bbox 431 1360 465 1428; x_wconf 72' lang='grc' dir='ltr'>δι</span> <span class='ocrx_word' id='word_1_39' title='bbox 481 1357 555 1428; x_wconf 85' lang='lat' dir='ltr'>dux</span> <span class='ocrx_word' id='word_1_40' title='bbox 572 1356 741 1445; x_wconf 86' lang='lat' dir='ltr'>Corbulo,</span> <span class='ocrx_word' id='word_1_41' title='bbox 769 1361 801 1429; x_wconf 76' lang='grc' dir='ltr'>δι</span> <span class='ocrx_word' id='word_1_42' title='bbox 826 1355 991 1451; x_wconf 83' lang='lat' dir='ltr'>prosperae</span> <span class='ocrx_word' id='word_1_43' title='bbox 1012 1356 1048 1427; x_wconf 94' lang='lat' dir='ltr'>in</span> <span class='ocrx_word' id='word_1_44' title='bbox 1071 1355 1239 1428; x_wconf 70' lang='lat' dir='ltr'>Armenia</span> 
     </span>
     <span class='ocr_line' id='line_1_8' title="bbox 265 1473 1239 1569; baseline 0.005 -27"><span class='ocrx_word' id='word_1_45' title='bbox 265 1497 317 1544; x_wconf 92' lang='lat' dir='ltr'>res</span> <span class='ocrx_word' id='word_1_46' title='bbox 333 1474 547 1547; x_wconf 84' lang='lat' dir='ltr'>addiderant.</span> <span class='ocrx_word' id='word_1_47' title='bbox 597 1475 711 1563; x_wconf 88' lang='lat' dir='ltr'>ldem,</span> <span class='ocrx_word' id='word_1_48' title='bbox 743 1482 769 1516; x_wconf 80' lang='lat'>‘⁴</span> <span class='ocrx_word' id='word_1_49' title='bbox 789 1473 922 1547; x_wconf 90' lang='lat' dir='ltr'>secretis</span> <span class='ocrx_word' id='word_1_50' title='bbox 939 1474 1034 1569; x_wconf 92' lang='lat' dir='ltr'>apud</span> <span class='ocrx_word' id='word_1_51' title='bbox 1057 1475 1239 1547; x_wconf 89' lang='lat' dir='ltr'>Neronem</span> 
     </span>
     <span class='ocr_line' id='line_1_9' title="bbox 175 1588 1239 1680; baseline 0.002 -17"><span class='ocrx_word' id='word_1_52' title='bbox 175 1600 182 1607; x_wconf 83' lang='grc'><em>“</em></span> <span class='ocrx_word' id='word_1_53' title='bbox 267 1598 295 1633; x_wconf 88' lang='grc'><strong>“</strong></span> <span class='ocrx_word' id='word_1_54' title='bbox 313 1590 565 1680; x_wconf 87' lang='lat' dir='ltr'>sermonibus,&#39;&#39;</span> <span class='ocrx_word' id='word_1_55' title='bbox 604 1595 777 1666; x_wconf 81' lang='lat' dir='ltr'>ferebatur</span> <span class='ocrx_word' id='word_1_56' title='bbox 806 1601 833 1635; x_wconf 79' lang='lat'>‘⁶</span> <span class='ocrx_word' id='word_1_57' title='bbox 860 1592 1071 1666; x_wconf 88' lang='lat' dir='ltr'>Corbulonis</span> <span class='ocrx_word' id='word_1_58' title='bbox 1098 1588 1239 1665; x_wconf 88' lang='lat' dir='ltr'>virtutes</span> 
     </span>
     <span class='ocr_line' id='line_1_10' title="bbox 267 1710 1239 1808; baseline 0.002 -25"><span class='ocrx_word' id='word_1_59' title='bbox 267 1715 295 1753; x_wconf 89' lang='lat'>“</span> <span class='ocrx_word' id='word_1_60' title='bbox 312 1710 548 1784; x_wconf 87' lang='lat' dir='ltr'>criminatus.&#39;&#39;</span> <span class='ocrx_word' id='word_1_61' title='bbox 583 1713 692 1784; x_wconf 88' lang='lat' dir='ltr'>Unde</span> <span class='ocrx_word' id='word_1_62' title='bbox 705 1711 823 1783; x_wconf 88' lang='lat' dir='ltr'>infami</span> <span class='ocrx_word' id='word_1_63' title='bbox 840 1711 945 1808; x_wconf 72' lang='lat' dir='ltr'>gratia</span> <span class='ocrx_word' id='word_1_64' title='bbox 962 1710 1113 1807; x_wconf 88' lang='lat' dir='ltr'>primum</span> <span class='ocrx_word' id='word_1_65' title='bbox 1127 1711 1239 1808; x_wconf 89' lang='lat' dir='ltr'>pilum</span> 
     </span>
     <span class='ocr_line' id='line_1_11' title="bbox 264 1828 1238 1928; baseline 0.004 -27"><span class='ocrx_word' id='word_1_66' title='bbox 264 1829 407 1925; x_wconf 87' lang='lat' dir='ltr'>adepto,</span> <span class='ocrx_word' id='word_1_67' title='bbox 433 1831 513 1902; x_wconf 88' lang='lat' dir='ltr'>laeta</span> <span class='ocrx_word' id='word_1_68' title='bbox 535 1831 580 1902; x_wconf 93' lang='lat' dir='ltr'>ad</span> <span class='ocrx_word' id='word_1_69' title='bbox 598 1828 742 1926; x_wconf 66' lang='lat' dir='ltr'>praesens</span> <span class='ocrx_word' id='word_1_70' title='bbox 760 1831 850 1903; x_wconf 72' lang='lat' dir='ltr'>male</span> <span class='ocrx_word' id='word_1_71' title='bbox 867 1849 974 1927; x_wconf 84' lang='lat' dir='ltr'>parta,</span> <span class='ocrx_word' id='word_1_72' title='bbox 1001 1856 1086 1903; x_wconf 87' lang='lat' dir='ltr'>mox</span> <span class='ocrx_word' id='word_1_73' title='bbox 1097 1831 1143 1903; x_wconf 81' lang='lat' dir='ltr'>in&#39;</span> <span class='ocrx_word' id='word_1_74' title='bbox 1163 1857 1238 1928; x_wconf 92' lang='lat' dir='ltr'>per·</span> 
     </span>
     <span class='ocr_line' id='line_1_12' title="bbox 266 1946 1239 2046; baseline 0.004 -26"><span class='ocrx_word' id='word_1_75' title='bbox 266 1946 394 2021; x_wconf 89' lang='lat' dir='ltr'>niciem</span> <span class='ocrx_word' id='word_1_76' title='bbox 411 1951 555 2021; x_wconf 68' lang='lat' dir='ltr'>vertere.</span> <span class='ocrx_word' id='word_1_77' title='bbox 605 1951 672 2022; x_wconf 85' lang='lat' dir='ltr'>Sed</span> <span class='ocrx_word' id='word_1_78' title='bbox 693 1949 831 2022; x_wconf 88' lang='lat' dir='ltr'>Primus</span> <span class='ocrx_word' id='word_1_79' title='bbox 855 1975 894 2022; x_wconf 90' lang='lat' dir='ltr'>ac</span> <span class='ocrx_word' id='word_1_80' title='bbox 919 1952 1044 2037; x_wconf 88' lang='lat' dir='ltr'>Varus,</span> <span class='ocrx_word' id='word_1_81' title='bbox 1071 1953 1239 2046; x_wconf 66' lang='lat' dir='ltr'>occupata</span> 
     </span>
     <span class='ocr_line' id='line_1_13' title="bbox 266 2067 1238 2166; baseline 0.004 -27"><span class='ocrx_word' id='word_1_82' title='bbox 266 2067 443 2163; x_wconf 71' lang='lat' dir='ltr'>Aquileia,</span> <span class='ocrx_word' id='word_1_83' title='bbox 462 2069 499 2141; x_wconf 92' lang='lat' dir='ltr'>in</span> <span class='ocrx_word' id='word_1_84' title='bbox 516 2068 675 2166; x_wconf 88' lang='lat' dir='ltr'>proxima</span> <span class='ocrx_word' id='word_1_85' title='bbox 685 2094 846 2166; x_wconf 85' lang='lat' dir='ltr'>quaeque,</span> <span class='ocrx_word' id='word_1_86' title='bbox 872 2067 1093 2164; x_wconf 88' lang='lat' dir='ltr'>&amp;Opitergii</span> <span class='ocrx_word' id='word_1_87' title='bbox 1114 2074 1146 2141; x_wconf 90' lang='lat'>&amp;</span> <span class='ocrx_word' id='word_1_88' title='bbox 1174 2073 1238 2143; x_wconf 88' lang='lat' dir='ltr'>Al·</span> 
     </span>
     <span class='ocr_line' id='line_1_14' title="bbox 264 2185 1238 2285; baseline 0.005 -28"><span class='ocrx_word' id='word_1_89' title='bbox 264 2185 326 2260; x_wconf 88' lang='lat' dir='ltr'>tini</span> <span class='ocrx_word' id='word_1_90' title='bbox 343 2188 430 2260; x_wconf 86' lang='lat' dir='ltr'>laetis</span> <span class='ocrx_word' id='word_1_91' title='bbox 446 2187 570 2261; x_wconf 87' lang='lat' dir='ltr'>animis</span> <span class='ocrx_word' id='word_1_92' title='bbox 590 2187 829 2284; x_wconf 85' lang='lat' dir='ltr'>accipiuntur:</span> <span class='ocrx_word' id='word_1_93' title='bbox 856 2187 1013 2260; x_wconf 80' lang='lat' dir='ltr'>relietum</span> <span class='ocrx_word' id='word_1_94' title='bbox 1027 2186 1136 2261; x_wconf 85' lang='lat' dir='ltr'>Altini</span> <span class='ocrx_word' id='word_1_95' title='bbox 1152 2214 1238 2285; x_wconf 84' lang='lat' dir='ltr'>prae·</span> 
     </span>
     <span class='ocr_line' id='line_1_15' title="bbox 263 2305 1239 2398; baseline 0.005 -21"><span class='ocrx_word' id='word_1_96' title='bbox 263 2305 399 2395; x_wconf 82' lang='lat' dir='ltr'>fidium,</span> <span class='ocrx_word' id='word_1_97' title='bbox 434 2307 597 2379; x_wconf 73' lang='lat' dir='ltr'>adversirs</span> <span class='ocrx_word' id='word_1_98' title='bbox 622 2309 760 2379; x_wconf 82' lang='lat' dir='ltr'>clallem</span> <span class='ocrx_word' id='word_1_99' title='bbox 789 2311 1044 2398; x_wconf 87' lang='lat' dir='ltr'>Ravennatem,</span> <span class='ocrx_word' id='word_1_100' title='bbox 1079 2310 1239 2383; x_wconf 93' lang='lat' dir='ltr'>nondum</span> 
     </span>
     <span class='ocr_line' id='line_1_16' title="bbox 263 2423 1239 2523; baseline 0.005 -26"><span class='ocrx_word' id='word_1_101' title='bbox 263 2424 455 2499; x_wconf 72' lang='lat' dir='ltr'>defeelione</span> <span class='ocrx_word' id='word_1_102' title='bbox 481 2423 551 2523; x_wconf 89' lang='lat' dir='ltr'>ejus</span> <span class='ocrx_word' id='word_1_103' title='bbox 572 2425 713 2499; x_wconf 66' lang='lat' dir='ltr'>audita:</span> <span class='ocrx_word' id='word_1_104' title='bbox 742 2426 824 2498; x_wconf 92' lang='lat' dir='ltr'>inde</span> <span class='ocrx_word' id='word_1_105' title='bbox 845 2427 1027 2500; x_wconf 88' lang='lat' dir='ltr'>Patavium</span> <span class='ocrx_word' id='word_1_106' title='bbox 1055 2432 1089 2500; x_wconf 74' lang='grc' dir='ltr'>δι</span> <span class='ocrx_word' id='word_1_107' title='bbox 1119 2430 1239 2502; x_wconf 88' lang='lat' dir='ltr'>Ateste</span> 
     </span>
     <span class='ocr_line' id='line_1_17' title="bbox 264 2543 1238 2643; baseline 0.004 -26"><span class='ocrx_word' id='word_1_108' title='bbox 264 2545 415 2640; x_wconf 88' lang='lat' dir='ltr'>partibus</span> <span class='ocrx_word' id='word_1_109' title='bbox 440 2543 653 2642; x_wconf 71' lang='lat' dir='ltr'>adjunxere:</span> <span class='ocrx_word' id='word_1_110' title='bbox 682 2545 753 2618; x_wconf 91' lang='lat' dir='ltr'>illic</span> <span class='ocrx_word' id='word_1_111' title='bbox 770 2546 967 2643; x_wconf 89' lang='lat' dir='ltr'>cognitum,</span> <span class='ocrx_word' id='word_1_112' title='bbox 996 2553 1107 2619; x_wconf 90' lang='lat' dir='ltr'>“tres</span> <span class='ocrx_word' id='word_1_113' title='bbox 1129 2548 1238 2621; x_wconf 90' lang='lat' dir='ltr'>Vitel-</span> 
     </span>
     <span class='ocr_line' id='line_1_18' title="bbox 264 2662 1238 2754; baseline 0.005 -20"><span class='ocrx_word' id='word_1_114' title='bbox 264 2668 293 2704; x_wconf 90' lang='lat'>“</span> <span class='ocrx_word' id='word_1_115' title='bbox 310 2662 415 2737; x_wconf 90' lang='lat' dir='ltr'>lianas</span> <span class='ocrx_word' id='word_1_116' title='bbox 438 2666 612 2753; x_wconf 89' lang='lat' dir='ltr'>cohortes,</span> <span class='ocrx_word' id='word_1_117' title='bbox 639 2670 673 2737; x_wconf 64' lang='grc' dir='ltr'>ὃς</span> <span class='ocrx_word' id='word_1_118' title='bbox 704 2667 807 2754; x_wconf 90' lang='lat' dir='ltr'>alam,</span> <span class='ocrx_word' id='word_1_119' title='bbox 836 2664 892 2737; x_wconf 87' lang='lat' dir='ltr'>cui</span> <span class='ocrx_word' id='word_1_120' title='bbox 917 2665 1146 2738; x_wconf 86' lang='lat' dir='ltr'>Scribonianae</span> <span class='ocrx_word' id='word_1_121' title='bbox 1173 2692 1238 2739; x_wconf 94' lang='lat' dir='ltr'>no·</span> 
     </span>
     <span class='ocr_line' id='line_1_19' title="bbox 264 2781 1236 2879; baseline 0.001 -23"><span class='ocrx_word' id='word_1_122' title='bbox 264 2787 292 2824; x_wconf 91' lang='lat'><strong>“</strong></span> <span class='ocrx_word' id='word_1_123' title='bbox 310 2809 405 2872; x_wconf 92' lang='lat' dir='ltr'>men,</span> <span class='ocrx_word' id='word_1_124' title='bbox 430 2785 475 2857; x_wconf 85' lang='lat' dir='ltr'>ad</span> <span class='ocrx_word' id='word_1_125' title='bbox 500 2785 632 2857; x_wconf 92' lang='lat' dir='ltr'>Forum</span> <span class='ocrx_word' id='word_1_126' title='bbox 657 2783 800 2871; x_wconf 87' lang='lat' dir='ltr'>Allieni,</span> <span class='ocrx_word' id='word_1_127' title='bbox 828 2804 932 2879; x_wconf 86' lang='lat' dir='ltr'>ponte</span> <span class='ocrx_word' id='word_1_128' title='bbox 955 2781 1090 2878; x_wconf 74' lang='lat' dir='ltr'>jun&amp;o‚</span> <span class='ocrx_word' id='word_1_129' title='bbox 1118 2784 1236 2857; x_wconf 86' lang='lat' dir='ltr'>conse-</span> 
     </span>
     <span class='ocr_line' id='line_1_20' title="bbox 263 2901 1235 2990; baseline 0.003 -16"><span class='ocrx_word' id='word_1_130' title='bbox 263 2908 292 2943; x_wconf 89' lang='lat'><strong>“</strong></span> <span class='ocrx_word' id='word_1_131' title='bbox 308 2903 427 2975; x_wconf 85' lang='lat' dir='ltr'>dille.’&#39;</span> <span class='ocrx_word' id='word_1_132' title='bbox 476 2903 610 2976; x_wconf 90' lang='lat' dir='ltr'>Placuit</span> <span class='ocrx_word' id='word_1_133' title='bbox 638 2908 769 2976; x_wconf 85' lang='lat' dir='ltr'>occasro</span> <span class='ocrx_word' id='word_1_134' title='bbox 807 2901 992 2974; x_wconf 86' lang='lat' dir='ltr'>invadendi</span> <span class='ocrx_word' id='word_1_135' title='bbox 1025 2901 1235 2990; x_wconf 86' lang='lat' dir='ltr'>incuriosos;</span> 
     </span>
     <span class='ocr_line' id='line_1_21' title="bbox 263 3020 1239 3119; baseline 0.003 -27"><span class='ocrx_word' id='word_1_136' title='bbox 263 3046 345 3093; x_wconf 91' lang='lat' dir='ltr'>nam</span> <span class='ocrx_word' id='word_1_137' title='bbox 357 3021 395 3092; x_wconf 95' lang='lat' dir='ltr'>id</span> <span class='ocrx_word' id='word_1_138' title='bbox 413 3047 552 3119; x_wconf 92' lang='lat' dir='ltr'>quoque</span> <span class='ocrx_word' id='word_1_139' title='bbox 571 3022 814 3096; x_wconf 90' lang='lat' dir='ltr'>nuntiabatur:</span> <span class='ocrx_word' id='word_1_140' title='bbox 843 3022 920 3094; x_wconf 91' lang='lat' dir='ltr'>luce</span> <span class='ocrx_word' id='word_1_141' title='bbox 937 3021 1063 3118; x_wconf 70' lang='lat' dir='ltr'>prima,</span> <span class='ocrx_word' id='word_1_142' title='bbox 1088 3020 1239 3095; x_wconf 90' lang='lat' dir='ltr'>inermos</span> 
     </span>
     <span class='ocr_line' id='line_1_22' title="bbox 264 3140 1238 3238; baseline 0 -26"><span class='ocrx_word' id='word_1_143' title='bbox 264 3140 442 3238; x_wconf 88' lang='lat' dir='ltr'>plerosque</span> <span class='ocrx_word' id='word_1_144' title='bbox 470 3140 674 3236; x_wconf 68' lang='lat' dir='ltr'>oppressere.</span> <span class='ocrx_word' id='word_1_145' title='bbox 724 3140 950 3231; x_wconf 68' lang='lat' dir='ltr'>Praedielum,</span> <span class='ocrx_word' id='word_1_146' title='bbox 979 3148 1005 3182; x_wconf 91' lang='lat'><strong><em>“</em></strong></span> <span class='ocrx_word' id='word_1_147' title='bbox 1034 3159 1088 3228; x_wconf 89' lang='lat' dir='ltr'>ut,</span> <span class='ocrx_word' id='word_1_148' title='bbox 1122 3141 1238 3236; x_wconf 87' lang='lat' dir='ltr'>paucis</span> 
     </span>
     <span class='ocr_line' id='line_1_23' title="bbox 265 3258 1238 3356; baseline 0.002 -26"><span class='ocrx_word' id='word_1_149' title='bbox 265 3267 292 3301; x_wconf 89' lang='lat'><strong>“</strong></span> <span class='ocrx_word' id='word_1_150' title='bbox 310 3258 509 3347; x_wconf 60' lang='lat' dir='ltr'>inesceris,</span> <span class='ocrx_word' id='word_1_151' title='bbox 536 3280 667 3332; x_wconf 88' lang='lat' dir='ltr'>ceteros</span> <span class='ocrx_word' id='word_1_152' title='bbox 690 3285 819 3356; x_wconf 88' lang='lat' dir='ltr'>pavore</span> <span class='ocrx_word' id='word_1_153' title='bbox 836 3260 880 3332; x_wconf 91' lang='lat' dir='ltr'>ad</span> <span class='ocrx_word' id='word_1_154' title='bbox 903 3260 1107 3331; x_wconf 89' lang='lat' dir='ltr'>mutandam</span> <span class='ocrx_word' id='word_1_155' title='bbox 1129 3261 1238 3332; x_wconf 87' lang='lat' dir='ltr'>fidem</span> 
     </span>
     <span class='ocr_line' id='line_1_24' title="bbox 265 3375 1234 3475; baseline 0 -25"><span class='ocrx_word' id='word_1_156' title='bbox 265 3383 293 3418; x_wconf 91' lang='lat'><strong>“</strong></span> <span class='ocrx_word' id='word_1_157' title='bbox 312 3398 475 3475; x_wconf 87' lang='lat' dir='ltr'>cogerent</span> <span class='ocrx_word' id='word_1_158' title='bbox 492 3380 527 3450; x_wconf 87' lang='lat'>:&#39;&#39;</span> <span class='ocrx_word' id='word_1_159' title='bbox 556 3383 590 3451; x_wconf 74' lang='grc' dir='ltr'>δι</span> <span class='ocrx_word' id='word_1_160' title='bbox 618 3377 727 3468; x_wconf 70' lang='lat' dir='ltr'>fuere,</span> <span class='ocrx_word' id='word_1_161' title='bbox 758 3378 818 3474; x_wconf 91' lang='lat' dir='ltr'>qui</span> <span class='ocrx_word' id='word_1_162' title='bbox 847 3375 879 3450; x_wconf 87' lang='lat' dir='ltr'>se</span> <span class='ocrx_word' id='word_1_163' title='bbox 906 3378 1018 3449; x_wconf 88' lang='lat' dir='ltr'>statim</span> <span class='ocrx_word' id='word_1_164' title='bbox 1046 3379 1234 3450; x_wconf 84' lang='lat' dir='ltr'>dederent:</span> 
     </span>
     <span class='ocr_line' id='line_1_25' title="bbox 263 3495 1235 3594; baseline 0.003 -27"><span class='ocrx_word' id='word_1_165' title='bbox 263 3498 391 3592; x_wconf 90' lang='lat' dir='ltr'>plures,</span> <span class='ocrx_word' id='word_1_166' title='bbox 422 3498 568 3593; x_wconf 89' lang='lat' dir='ltr'>abrupto</span> <span class='ocrx_word' id='word_1_167' title='bbox 585 3517 706 3594; x_wconf 91' lang='lat' dir='ltr'>ponte,</span> <span class='ocrx_word' id='word_1_168' title='bbox 736 3497 872 3571; x_wconf 91' lang='lat' dir='ltr'>instanti</span> <span class='ocrx_word' id='word_1_169' title='bbox 899 3497 985 3568; x_wconf 92' lang='lat' dir='ltr'>hosti</span> <span class='ocrx_word' id='word_1_170' title='bbox 1001 3495 1096 3568; x_wconf 87' lang='lat' dir='ltr'>viam</span> <span class='ocrx_word' id='word_1_171' title='bbox 1120 3496 1235 3571; x_wconf 84' lang='lat' dir='ltr'>abstu-</span> 
     </span>
     <span class='ocr_line' id='line_1_26' title="bbox 262 3616 1163 3691; baseline 0.004 -4"><span class='ocrx_word' id='word_1_172' title='bbox 262 3616 390 3688; x_wconf 88' lang='lat' dir='ltr'>lerunt.</span> <span class='ocrx_word' id='word_1_173' title='bbox 1106 3677 1109 3681; x_wconf 86' lang='lat'>.</span> <span class='ocrx_word' id='word_1_174' title='bbox 1160 3687 1163 3691; x_wconf 83' lang='grc'>,</span> 
     </span>
    </p>

    <p class='ocr_par' dir='ltr' id='par_1_4' title="bbox 260 3732 1236 4072">
     <span class='ocr_line' id='line_1_27' title="bbox 308 3732 1236 3830; baseline 0.006 -26"><span class='ocrx_word' id='word_1_175' title='bbox 308 3735 390 3806; x_wconf 89' lang='lat' dir='ltr'>Vll.</span> <span class='ocrx_word' id='word_1_176' title='bbox 414 3737 612 3809; x_wconf 77' lang='lat' dir='ltr'>Vononen</span> <span class='ocrx_word' id='word_1_177' title='bbox 630 3734 788 3824; x_wconf 69' lang='lat' dir='ltr'>vietorifi,</span> <span class='ocrx_word' id='word_1_178' title='bbox 807 3733 883 3830; x_wconf 92' lang='lat' dir='ltr'>post</span> <span class='ocrx_word' id='word_1_179' title='bbox 906 3732 1071 3830; x_wconf 89' lang='lat' dir='ltr'>principia</span> <span class='ocrx_word' id='word_1_180' title='bbox 1089 3734 1169 3807; x_wconf 92' lang='lat' dir='ltr'>belli</span> <span class='ocrx_word' id='word_1_181' title='bbox 1187 3738 1236 3810; x_wconf 88' lang='lat' dir='ltr'>se·</span> 
     </span>
     <span class='ocr_line' id='line_1_28' title="bbox 260 3850 1236 3952; baseline 0.005 -28"><span class='ocrx_word' id='word_1_182' title='bbox 260 3852 417 3925; x_wconf 75' lang='lat' dir='ltr'>cundum</span> <span class='ocrx_word' id='word_1_183' title='bbox 439 3853 637 3944; x_wconf 88' lang='lat' dir='ltr'>Flavianos,</span> <span class='ocrx_word' id='word_1_184' title='bbox 667 3854 745 3927; x_wconf 85' lang='lat' dir='ltr'>duae</span> <span class='ocrx_word' id='word_1_185' title='bbox 762 3853 928 3952; x_wconf 85' lang='lat' dir='ltr'>legiones,</span> <span class='ocrx_word' id='word_1_186' title='bbox 955 3850 1099 3949; x_wconf 91' lang='lat' dir='ltr'>septima</span> <span class='ocrx_word' id='word_1_187' title='bbox 1114 3856 1236 3929; x_wconf 87' lang='lat' dir='ltr'>Galbi-</span> 
     </span>
     <span class='ocr_line' id='line_1_29' title="bbox 260 3971 1236 4072; baseline 0.008 -28"><span class='ocrx_word' id='word_1_188' title='bbox 260 3998 339 4063; x_wconf 83' lang='lat' dir='ltr'>ana,</span> <span class='ocrx_word' id='word_1_189' title='bbox 356 3971 592 4055; x_wconf 83' lang='lat' dir='ltr'>tertiadecima</span> <span class='ocrx_word' id='word_1_190' title='bbox 606 3972 770 4062; x_wconf 89' lang='lat' dir='ltr'>Gemina,</span> <span class='ocrx_word' id='word_1_191' title='bbox 797 3997 879 4049; x_wconf 77' lang='lat' dir='ltr'>cunt</span> <span class='ocrx_word' id='word_1_192' title='bbox 896 3972 1007 4048; x_wconf 86' lang='lat' dir='ltr'>Vedio</span> <span class='ocrx_word' id='word_1_193' title='bbox 1026 3972 1170 4072; x_wconf 70' lang='lat' dir='ltr'>Aquila,</span> <span class='ocrx_word' id='word_1_194' title='bbox 1187 3976 1236 4053; x_wconf 89' lang='lat' dir='ltr'>le·</span> 
     </span>
    </p>
   </div>
   <div class='ocr_carea' id='block_1_3' title="bbox 0 0 1504 5144">
    <p class='ocr_par' dir='ltr' id='par_1_5' title="bbox 0 0 1504 5144">
     <span class='ocr_line' id='line_1_30' title="bbox 0 0 1504 5144; baseline 0 1"><span class='ocrx_word' id='word_1_195' title='bbox 0 0 1504 5144; x_wconf 95' lang='lat' dir='ltr'> </span> 
     </span>
    </p>
   </div>
  </div>
 </body>
</html>
