3000 5144
425 536 816 611 Hrsronrnreunr
849 536 960 608 Lrn.
993 534 1057 610 ΙΙΙ.
1158 560 1225 636 2⁰7

308 711 405 789 LVI.
431 710 718 785 Concrouaurr
747 711 999 808 (prodigiosum
1021 712 1135 806 dictu)
1155 733 1230 788 tan·

260 850 337 907 tum
362 827 537 905 foedarum
564 831 747 903 volucrum
773 829 1041 927 supervolitavit,
1071 850 1109 904 ut
1138 833 1232 904 nube

259 951 332 1025 atrs
366 948 462 1021 diem
495 948 735 1021 obtenderent.
785 948 934 1022 Accessit
967 949 1081 1022 dirum
1114 976 1233 1039 omen,

261 1064 428 1165 profugus
454 1064 613 1142 altaribus
630 1084 759 1155 taurus,
788 1065 929 1164 disjesio
954 1067 1108 1143 sacrificii
1125 1094 1233 1164 appa·

261 1205 349 1276 ratu,
376 1185 496 1282 longe,
526 1185 669 1260 necubi
698 1185 789 1260 feriri
808 1186 930 1260 hostias
947 1213 1025 1262 mos
1052 1187 1115 1276 est,
1148 1213 1233 1261 con·

262 1302 375 1379 fossus.
402 1305 469 1377 Sed
484 1305 700 1401 praecipuum
714 1303 783 1401 ipse
793 1305 951 1379 Vitellius
963 1305 1135 1380 ostentum
1148 1325 1233 1396 erat,

263 1423 401 1521 ignarus
419 1423 564 1513 militiae,
593 1424 810 1520 improvidus
826 1424 980 1510 confilii;
1011 1432 1038 1467 ‘⁴
1056 1425 1133 1522 quis
1149 1426 1236 1500 ordo

265 1550 293 1590 “
311 1541 473 1640 agminis,
487 1568 565 1640 quae
578 1567 658 1616 cura
674 1543 893 1639 explorandi,
913 1565 1062 1640 quantus
1078 1545 1238 1641 urgendo

265 1668 294 1706 “
313 1660 524 1735 trahendove
542 1664 635 1737 bello
653 1664 815 1752 modus'',
840 1663 923 1736 alios
949 1663 1113 1760 rogitans,
1137 1669 1170 1737 δι
1192 1664 1237 1737 ad

264 1806 385 1856 omnes
401 1780 554 1870 nuntios,
579 1782 677 1854 vultu
695 1807 836 1879 quoque
862 1786 896 1854 δι
924 1781 1050 1855 incessu
1071 1782 1237 1878 trepidus,

264 1900 344 1979 dein
373 1902 595 1973 temulentus.
645 1897 823 1972 Postremo
844 1899 948 1973 taedio
977 1901 1180 1991 castrorum,
1203 1905 1238 1975 δι

265 2019 381 2095 audits
406 2018 599 2092 defedione
625 2017 828 2093 Misenensis
858 2018 976 2109 classtS,
1005 2024 1159 2095 Romam
1186 2043 1241 2094 re·

266 2139 382 2227 vertit,
397 2137 661 2213 recentissimum
675 2140 842 2235 quodque
852 2139 978 2212 vulnus
991 2163 1135 2235 pavens,
1144 2136 1240 2214 'sum-

267 2257 316 2332 mi
343 2254 546 2330 discriminis
574 2255 773 2331 incuriosus.
822 2259 918 2330 Nam
946 2257 1029 2333 οὖσι
1053 2257 1241 2357 transgredi

268 2377 510 2473 Apenninum,
536 2375 672 2473 integro
689 2375 857 2450 exercitos
872 2372 922 2450 sui
937 2379 1121 2466 robore,&
1141 2377 1241 2452 sessos

265 2497 377 2571 hieme
394 2517 497 2591 atque
509 2494 623 2591 inopis
640 2494 750 2569 hostes
765 2495 921 2593 adgredi,
940 2494 976 2569 in
988 2515 1108 2592 aperto
1124 2495 1237 2584 fotet3

268 2617 354 2689 dum
372 2613 535 2711 dispergit
553 2614 654 2702 vires,
671 2614 876 2688 acerrimum
894 2615 1053 2704 militem,
1083 2621 1116 2689 δι
1133 2615 1241 2713 usque

269 2735 305 2810 in
320 2754 475 2809 extrema
492 2733 714 2822 obstinatum,
733 2733 992 2822 trucidandum,
1015 2733 1242 2830 capiendum·

270 2879 339 2952 que
371 2851 523 2941 tradidit,
551 2849 753 2948 peritissimis
781 2850 1023 2926 centurionum
1046 2851 1242 2926 dissentien-

267 2973 375 3062 tibus,
395 2977 444 3061 δε,
463 2976 484 3044 sr
503 2969 770 3059 consulerentur,
793 2996 873 3044 vera
889 2970 1037 3044 dicioris.
1087 2974 1243 3046 Arcuere

269 3118 328 3169 eos
344 3091 457 3167 intimi
474 3095 666 3166 amicorum
682 3089 825 3181 Vitellii,
843 3090 888 3164 ita
902 3088 1057 3163 formatis
1074 3089 1242 3187 Principis

271 3211 423 3300 auribus,
449 3232 487 3284 ut
505 3210 634 3307 aspera,
654 3236 730 3307 quae
748 3209 856 3297 utilia,
872 3208 1155 3306 necquidquam,
1180 3210 1242 3283 nisi

265 3328 516 3428 jucundum&
535 3326 692 3404 laesurum
711 3328 890 3425 acciperet.

323 3453 437 3525 LVII.
463 3452 538 3522 Suu
569 3449 707 3524 classem
724 3444 953 3521 Misenensem
983 3450 1140 3542 (tantum
1156 3447 1241 3522 civi·

273 3570 363 3644 libus
389 3566 564 3642 discordiis
593 3567 699 3641 etiam
727 3568 939 3664 singulorum
967 3567 1109 3641 audacia
1131 3570 1243 3663 valet)

270 3688 436 3789 Claudius
465 3686 688 3777 Faventinus,
727 3686 895 3775 centurio,
925 3711 985 3782 per
1012 3685 1243 3782 ignominiam

167 3819 170 3824 “
273 3809 434 3881 aGalba
458 3805 627 3895 dimissus,
663 3807 707 3880 ad
739 3805 965 3880 defessionem
1003 3804 1121 3893 traxit,
1155 3805 1243 3881 fissis

272 3924 464 4024 Vespasiani
491 3924 641 4024 epistolis
668 3925 819 4024 pretium
845 3923 1047 4023 proditionis
1064 3924 1244 4001 ostentans.
