3000 5144
265 592 337 663 294
463 564 1045 675 CConunartTncrrt

263 737 432 808 solvendae
463 735 498 806 in
528 735 703 830 posterum
725 736 834 830 culpae
865 731 986 805 secere.
1034 729 1235 827 Legiones»,

264 853 349 924 nihil
367 874 498 927 mutato
514 855 646 943 itinere,
660 874 737 927 ante
755 851 885 925 moenia
894 852 1127 923 Treverorum
1144 872 1233 921 con·

263 973 385 1043 sidunt.

310 1091 444 1161 LXIII.
479 1091 636 1161 Crttrrs
668 1094 702 1161 ἃ
733 1090 908 1174 Classicus,
943 1088 1045 1158 rebus
1073 1084 1236 1157 secundis

262 1207 395 1293 sublati,
422 1234 465 1279 an
487 1208 667 1279 Coloniam
687 1205 976 1301 Agrippinensem
999 1201 1235 1299 diripiendam

262 1325 467 1397 exercitibus
491 1324 556 1396 suis
584 1324 831 1421 permitterent,
860 1323 1074 1395 dubitavere.
1124 1318 1232 1391 Saevi-

261 1442 307 1514 tid
327 1442 468 1537 ingenii,
487 1448 520 1515 ὅτ
538 1441 700 1537 cupidine
718 1442 855 1536 praedae,
882 1441 925 1513 ad
943 1438 1120 1511 excidium
1144 1436 1231 1509 civi·

261 1559 337 1631 tatis
359 1562 602 1632 trahebantur:
630 1560 785 1632 obstabat
810 1558 894 1631 ratio
913 1557 1006 1644 belli,
1038 1561 1071 1627 δι
1095 1580 1232 1629 novum

263 1675 446 1770 imperium
487 1676 725 1748 inchoantibus
765 1675 856 1747 utilis
896 1676 1086 1748 clementiae
1124 1673 1231 1746 fama.

260 1792 408 1865 Civilem
425 1795 529 1867 etiam
549 1794 703 1866 beneficii
728 1792 894 1865 memoria
910 1793 1020 1882 flexit,
1047 1790 1144 1889 qubd
1163 1791 1231 1863 fili·

261 1936 322 1981 um
339 1909 423 2006 ejus,
454 1912 565 2008 primo
584 1937 696 1984 rerum
711 1908 822 1998 motu,
852 1910 888 1981 in
904 1911 1040 1983 colonid
1062 1906 1229 2006 Agrippi·

261 2031 353 2099 nensr
381 2028 644 2124 deprehensum,
679 2028 844 2100 honorati·
872 2027 1112 2100 custodierant.
1161 2028 1231 2099 Sed

260 2145 528 2218 Transrhenanis
562 2146 722 2243 gentibus
754 2144 860 2217 invisa
887 2145 1018 2233 civitas,
1052 2144 1231 2240 opulentid

261 2264 443 2357 auitoque.
508 2266 635 2359 Neque
666 2264 772 2335 alium
800 2266 908 2335 finem
937 2263 1018 2335 belli
1051 2265 1230 2351 rebantur,

261 2380 369 2473 quarn
388 2382 408 2449 h
428 2378 617 2473 promiscua
633 2405 672 2451 ea
688 2379 779 2452 sedes
796 2381 957 2453 omnibus
978 2380 1160 2453 Germanis
1177 2379 1229 2452 fo·

260 2516 326 2584 ret,
345 2516 402 2568 aut
419 2493 571 2591 disjeda,
589 2497 702 2570 Ubios
716 2524 856 2594 quoque
872 2497 1082 2594 dispertiffet.

308 2616 443 2686 LXIV.
469 2616 607 2685 loiron
624 2615 801 2703 Tencteri,
820 2618 948 2688 Rheno
969 2615 1115 2687 discreta
1127 2642 1227 2713 gens,

261 2731 362 2805 miffis
386 2732 519 2827 legatis,
543 2735 702 2806 mandata
726 2734 817 2828 apud
849 2732 1035 2805 concilium
1060 2734 1228 2831 Agrippi·

260 2853 414 2921 nenfium
432 2850 485 2919 edi
497 2847 639 2943 jubent:
661 2877 738 2945 quae
760 2850 980 2922 serociffimus
999 2851 1169 2947 elegatis,
1192 2852 1229 2923 in

258 2970 350 3040 hunc
381 2969 527 3038 modum
558 2968 714 3062 protulit:
743 2976 768 3009 “
788 2968 928 3040 Rediffe
956 2994 1017 3040 ros
1039 2968 1075 3039 in
1105 2996 1230 3065 corpus

260 3096 285 3129 “
306 3112 501 3180 nomenque
509 3086 716 3173 Germaniae,
730 3085 971 3158 communibus
988 3086 1073 3174 deis,
1090 3091 1122 3158 dt
1141 3115 1227 3183 prae.

260 3213 286 3248 “
305 3204 408 3299 cipuo
436 3205 578 3275 deorum
604 3203 722 3291 Marti,
749 3227 856 3300 grates
879 3205 1036 3301 agimus:
1060 3204 1229 3303 vobisque

262 3331 288 3365 “
309 3323 536 3418 gratulamur,
566 3321 661 3416 quod
691 3323 831 3392 tandem
860 3321 955 3393 liberi
984 3321 1071 3393 inter
1101 3323 1228 3397 liberos

259 3448 286 3483 “
305 3440 407 3511 eritis.
455 3440 549 3509 Nam
564 3441 605 3509 ad
621 3441 712 3510 hunc
729 3440 836 3526 diem,
848 3439 991 3511 flumina
1006 3467 1045 3512 ac
1061 3461 1176 3530 terras,
1190 3447 1224 3515 δι

260 3559 429 3630 “calum
456 3556 715 3650 quodammodo
741 3555 863 3651 ipiiuu,
885 3557 1068 3630 clauserant
1092 3563 1226 3632 Roma·

259 3686 283 3718 “
305 3675 361 3746 ni:
381 3694 418 3745 ut
437 3675 620 3769 conloquia
637 3673 899 3769 congressirsque
913 3676 1042 3746 nostros
1058 3699 1225 3750 arcerent:

258 3798 284 3832 “
304 3792 372 3873 vel,
392 3792 487 3883 quod
504 3792 778 3863 contumeliotius
796 3792 844 3864 est
857 3792 934 3863 viris
950 3794 995 3863 ad
1011 3821 1105 3865 arma
1123 3796 1225 3885 natis,

258 3915 285 3950 “
304 3908 449 3978 inermes
462 3933 502 3979 ac
515 3909 622 4004 propi·
639 3910 737 3999 nudi,
751 3908 813 3984 sub
826 3911 964 3984 custode
978 3917 1009 3983 ἃ
1024 3913 1133 4010 pretio
1151 3914 1224 3988 coi-
