3000 5144
266 576 336 624 200
472 551 813 623 ceolam-:211
849 552 1062 626 Tactrt

265 721 354 789 Aliae
372 716 560 805 civitatem,
587 718 753 789 aGraecis
771 718 805 790 in
823 740 979 791 extremo
996 717 1148 792 Ponticae
1165 740 1235 789 otae

264 835 455 924 conditam,
489 835 617 909 subitus
640 836 778 931 inrupit.
827 836 922 908 Caesa
946 836 994 908 ibi
1016 837 1153 923 cohors,
1181 861 1235 906 re·

264 953 362 1049 gium
379 954 545 1026 auxilium
563 954 661 1042 olim,
676 980 760 1025 mox
777 954 894 1026 donati
907 954 1045 1027 civitate
1058 958 1234 1041 Romana,

263 1074 360 1167 signa
383 1097 547 1168 armaque
576 1072 612 1143 in
640 1072 797 1144 nostrum
822 1074 982 1160 modum,
1010 1071 1173 1143 desidiam
1191 1072 1234 1142 li·

267 1191 487 1286 centiamque
505 1193 707 1262 Graecorum
724 1191 925 1263 retinebant.
974 1191 1075 1262 Claffi
1092 1216 1235 1285 quoque

262 1309 351 1382 faces
369 1308 497 1396 intulit,
524 1335 633 1381 vacuo
650 1309 733 1381 mari
752 1309 908 1396 eludens,
938 1309 1021 1404 quia
1045 1310 1234 1381 lesliffimas

262 1429 522 1515 liburnicarum,
545 1453 756 1524 omnemque
786 1427 933 1499 militem
962 1428 1146 1500 Mucianus
1166 1431 1234 1522 By·

262 1548 416 1622 zantium
433 1547 604 1641 adegerat.
655 1547 751 1642 Qun
781 1552 813 1618 ὃ(
839 1546 975 1618 barbari
1004 1546 1234 1642 contemptim

261 1668 488 1761 vagabantur,
523 1664 694 1738 fabricatis
718 1665 856 1760 repente
891 1665 1036 1738 navibus
1073 1668 1233 1759 (camaras

261 1787 406 1877 vocant)
436 1784 537 1856 atesis
571 1784 746 1871 lateribus,
774 1785 842 1856 lata
868 1786 962 1872 alvo,
992 1787 1059 1856 fine
1092 1783 1234 1856 vinculo

159 1947 165 1958 ·
260 1901 334 1976 aeris
366 1922 424 1974 aut
453 1901 527 1975 ferri
558 1906 737 1976 connexa:
768 1907 801 1976 &
830 1903 968 1975 tumido
997 1902 1096 1989 mari,
1131 1921 1232 1997 prout

260 2023 385 2095 fluetus
413 2023 590 2110 attollitur,
620 2021 754 2093 summa
782 2021 923 2093 navium
952 2021 1076 2093 tabulis
1104 2041 1233 2116 augent

259 2141 370 2212 donec
395 2141 429 2212 in
458 2141 606 2212 modum
623 2140 703 2211 tesli
726 2141 938 2214 claudantur.
987 2141 1040 2212 Sic
1065 2139 1150 2210 inter
1167 2165 1231 2211 un-

261 2260 322 2330 das
340 2261 541 2346 volvuntur,
573 2259 646 2353 pari
674 2259 850 2355 utrimque
870 2260 981 2354 protb,
1000 2262 1044 2348 ¹&
1075 2256 1232 2328 mutabili

260 2376 421 2473 remigio,
447 2378 588 2472 quando
616 2377 697 2449 hinc
723 2377 777 2449 vel
807 2378 901 2450 illinc
928 2378 1098 2474 adpellere
1127 2373 1231 2447 indis·

259 2516 392 2567 cretum
411 2501 443 2567 ὃ(
466 2495 647 2567 innoxium
664 2494 722 2568 est.

308 2614 477 2687 XLVIII.
503 2620 714 2686 novenni
733 2639 835 2687 cares
851 2615 1041 2712 Vespasiani
1059 2614 1229 2705 animum,

258 2753 296 2811 ut
308 2732 502 2805 vexillarios
519 2759 538 2805 e
552 2733 758 2830 legionibus,
773 2737 969 2831 ducemque
982 2735 1140 2807 Virdium
1159 2737 1230 2806 Ge-

258 2851 408 2940 minum,
438 2850 593 2946 spedatae
619 2852 762 2939 militiae,
788 2853 966 2949 deligeret.
1016 2854 1077 2924 Ille
1095 2853 1229 2925 incom-

259 2973 421 3065 positum,
441 2976 474 3042 ὅ(
492 2972 618 3066 praedae
636 2971 797 3066 cupidine
819 2997 962 3069 vagum,
982 2973 1115 3045 hostem
1131 2974 1230 3045 ador-

259 3108 328 3176 tus,
348 3088 464 3185 co'e‘git
480 3089 516 3160 in
531 3113 656 3160 naves:
685 3088 880 3186 effeslisque
896 3092 1022 3187 raptim
1040 3091 1229 3180 liburnicis,

259 3208 455 3303 adsequitur
472 3208 659 3281 Anicetum
675 3207 710 3279 in
726 3208 812 3279 ollio
830 3209 980 3280 fluminis
1002 3209 1143 3297 Cohibi,
1173 3230 1228 3281 tu·

258 3345 335 3399 tum
352 3326 413 3398 sub
430 3327 707 3400 Sedochezorum
724 3327 813 3424 regis
830 3328 973 3414 auxilio,
1000 3353 1104 3423 quem
1123 3354 1228 3423 pecu-

259 3445 316 3517 nia
332 3443 498 3540 donisque
513 3447 556 3516 ad
575 3444 768 3518 societatem
788 3448 991 3542 perpulerat.
1042 3450 1096 3518 Ac
1115 3445 1227 3541 primo

258 3589 319 3635 rex
347 3563 448 3634 minis
476 3563 646 3659 armisque
678 3563 867 3660 supplicem
895 3564 1005 3636 tueri:
1043 3565 1227 3660 postquam

260 3707 391 3755 merces
433 3682 652 3777 proditionis,
694 3704 753 3753 aut
794 3685 924 3755 bellum
971 3682 1225 3772 ostendebatur,

259 3803 366 3887 ssuxst,
392 3819 430 3871 ut
453 3800 501 3871 est
524 3800 689 3887 barbaris,
719 3802 802 3889 fide,
827 3804 946 3896 pastus
963 3801 1101 3872 Aniceti
1125 3802 1225 3874 exiti-

258 3943 335 4009 um,
365 3916 526 4021 perfugas
551 3917 703 4009 tradidit,
734 3920 896 4017 belloque
921 3920 1029 3999 servili
1058 3919 1136 3993 finis
1160 3921 1226 3995 im.
