3000 5144
375 550 761 628 Hrsronrnntrnt
794 557 902 631 Lra.
935 558 1000 632 III.
1108 581 1176 661 225

207 720 350 799 crimine
360 724 532 798 Vitelliani
560 726 786 802 trucidabant.
834 732 901 803 Sex
927 730 1104 805 liburnicae
1122 732 1175 803 in·

208 862 260 915 ter
285 843 435 940 primum
452 848 643 918 tumultum
660 850 810 935 evasdre,
836 848 872 921 in
894 851 973 944 quls
995 849 1174 946 praesectus

208 963 314 1035 classis
342 963 578 1059 Apollinaris:
605 965 746 1060 reliquae
772 966 808 1037 in
836 967 933 1038 litore
961 987 1082 1063 captae,
1115 987 1176 1040 aut

206 1080 317 1154 nimio
334 1081 508 1154 ruentium
520 1107 621 1154 onere
637 1086 757 1178 pressas
771 1109 861 1156 mare
874 1085 991 1157 hausit.
1021 1086 1176 1177 Julianus

203 1201 249 1273 ad
264 1203 310 1272 L.
328 1198 505 1272 Vitellium
529 1202 724 1296 perdudlus,
749 1201 994 1274 &verberibus
1011 1201 1173 1295 soedatus,

205 1318 241 1389 in
256 1344 315 1391 ore
332 1316 402 1413 ejus
413 1318 605 1415 jugulatur.
655 1322 684 1392 F
686 1322 780 1409 uere,
806 1321 867 1416 qui
887 1345 1030 1392 uxorem
1054 1324 1100 1393 L.
1113 1322 1174 1394 Vi-

204 1437 291 1512 tellii
303 1437 475 1510 Triariam
493 1438 704 1527 incesserent,
729 1459 908 1535 tamquam
928 1445 955 1481 “
975 1439 1090 1535 gladio
1109 1439 1175 1512 mi·

206 1561 234 1597 “
253 1554 341 1628 litari
364 1556 490 1645 cincta,
516 1557 603 1628 inter
620 1557 753 1629 luctum
769 1556 948 1652 cladesque
968 1579 1175 1653 expugnata

206 1680 233 1717 “
250 1675 459 1764 Tarracinae,
478 1673 622 1771 superbe
638 1672 793 1772 saeveque
809 1675 964 1772 egisset.’'
1005 1674 1080 1770 lpse
1099 1678 1172 1749 lau·

203 1818 297 1867 ream
326 1794 426 1889 gesta
444 1793 600 1891 prospere
636 1793 684 1866 rei
711 1795 755 1865 ad
787 1793 924 1866 fratrem
949 1792 1063 1866 mifit:
1096 1819 1173 1890 per·

203 1914 395 2000 cunctatus,
427 1912 585 1985 “statim
612 1912 748 2010 regredi
776 1910 821 2000 se,
856 1938 900 1985 an
926 1912 1173 2007 perdomandae

205 2037 231 2071 “
250 2030 449 2126 Campaniae
482 2031 629 2103 insistere
654 2030 828 2128 juberet.’'
888 2032 996 2125 Qud
1028 2028 1173 2105 salutare

200 2174 274 2222 non
292 2149 400 2221 modd
418 2150 569 2246 partibus
582 2148 787 2246 Vespasiani,
805 2147 861 2220 sed
876 2148 1069 2244 reipublicae
1083 2149 1170 2223 suit:

202 2293 284 2339 nam
302 2272 323 2340 si
342 2293 457 2341 recens
472 2268 615 2341 victoria
633 2267 744 2358 miles,
765 2272 812 2357 &,
828 2267 926 2363 super
943 2266 1076 2339 insitam
1095 2292 1171 2364 per·

201 2385 382 2476 vicaciam,
416 2386 569 2460 secundis
602 2386 716 2477 ferox,
751 2391 905 2460 Romam
934 2387 1171 2479 contendisset,

201 2506 295 2579 haud
320 2507 423 2601 parvd
440 2503 542 2579 'mole
557 2525 738 2594 certatum,
763 2530 827 2578 nec
851 2509 919 2578 fine
940 2505 1046 2579 exitio
1063 2505 1171 2581 Urbis

201 2623 312 2695 foret:
340 2623 473 2722 quippe
489 2626 535 2695 L.
549 2623 704 2713 Vitellio,
731 2623 889 2721 quamvis
907 2621 1039 2711 infami,
1063 2625 1171 2696 inerat

200 2741 387 2816 industria:
419 2767 483 2814 nec
501 2742 698 2830 virtutibus,
728 2762 767 2814 ut
792 2741 889 2829 boni,
915 2740 972 2813 sed
991 2744 1170 2838 quomodo

202 2864 359 2957 pessimus
376 2860 532 2959 quisque,
555 2861 645 2935 vitiis
663 2862 808 2933 valebat.

247 2982 452 3054 LXXVlll.
478 2983 573 3052 Dum
591 2982 665 3051 haec
682 2979 717 3050 in
735 2979 885 3074 partibus
898 2976 1024 3051 Vitellii
1044 3004 1168 3077 gerun-

176 3119 270 3187 .tur,
298 3098 464 3194 digressus
490 3097 622 3172 Narnia
644 3097 836 3193 Vespasiani
861 3098 1042 3186 exercitus,
1069 3097 1169 3171 festos

199 3217 334 3290 Saturni
352 3216 438 3305 dies,
464 3217 632 3304 Ocriculi,
651 3242 712 3312 per
728 3216 852 3304 otium,
869 3215 1032 3312 agitabat.
1062 3216 1171 3291 Causa

200 3356 272 3408 tam
303 3362 416 3432 pravae
449 3361 568 3424 morae,
605 3355 642 3406 ut
672 3333 880 3407 Mucianum
919 3333 1167 3429 opperirentur.

201 3457 277 3528 Nec
300 3453 455 3543 defuere,
486 3454 545 3551 qui
566 3453 758 3526 Antonium
783 3451 1025 3546 suspicionibus
1046 3477 1168 3549 argue·

199 3593 288 3661 rent,
314 3593 493 3669 tamquam
515 3582 540 3615 “
559 3574 642 3644 dolo
667 3572 900 3658 cunctantem,
927 3570 1001 3666 post
1028 3570 1169 3645 secretas

200 3699 227 3734 “
247 3692 375 3763 Vitellii
388 3693 556 3787 epistolas,
576 3691 702 3788 quibus
713 3689 941 3779 consulatum,
961 3694 993 3761 δι
1013 3691 1168 3765 nubilem

197 3817 228 3854 “
247 3811 366 3899 filiam,
394 3816 427 3884 ἂ
444 3813 573 3883 dotales
589 3835 686 3906 opes,
717 3807 864 3906 pretium
882 3805 1096 3902 proditionis,
1114 3807 1168 3881 os-

202 3936 228 3972 “
246 3928 412 4002 serebat.”
461 3929 545 4020 Alii,
573 3935 600 3971 “
620 3931 700 4002 ficta
717 3929 804 4016 haec,
820 3931 852 4001 ἃ
870 3925 905 3997 in
923 3925 1064 4023 gratiam
1080 3931 1165 4001 Mu·

706 4048 761 4141 Q
