3000 5144
270 524 315 622 56
476 526 519 600 C.
558 525 825 605 Conunarr
864 528 1064 602 Tnctrr

266 700 447 796 pecuniam
479 704 612 778 missam
649 706 685 778 in
716 707 924 804 stipendium
957 704 1097 793 castelli,
1136 705 1234 800 quod

267 817 353 891 olim
377 821 532 893 Helvetii
556 821 622 896 suis
645 825 810 898 militibus
835 851 874 898 ac
895 824 1067 921 stipendiis
1088 826 1232 896 tueban-

264 957 339 1010 tur:
366 939 458 1035 aegre
485 939 520 1012 id
547 944 627 1036 paffi
650 943 817 1031 Helvetii,
846 943 1040 1038 interceptis
1068 940 1232 1037 epistolis,

265 1082 342 1153 quae
368 1056 508 1130 nomine
532 1059 728 1133 Germanici
754 1062 923 1133 exercitlts
950 1062 994 1132 ad
1018 1059 1233 1132 Pannonicas

262 1176 417 1273 legiones
433 1173 643 1267 serebantur,
668 1180 905 1252 centurionem
923 1184 956 1252 ὅτ
981 1178 1145 1276 quosdam
1166 1177 1232 1249 mi-

266 1294 369 1367 litum
393 1294 429 1367 in
454 1296 603 1370 custodia
628 1297 830 1370 retinebant.
880 1296 1031 1386 Caecina,
1061 1298 1141 1370 belli
1158 1296 1231 1368 avi-

264 1415 345 1503 dus,
374 1413 569 1509 proximam
587 1442 762 1512 quamque
778 1416 930 1511 culpam,
959 1436 1145 1510 antequam
1162 1440 1232 1510 pae-

262 1531 401 1618 niteret,
420 1533 531 1604 ultum
548 1533 631 1605 ibat.
681 1537 784 1605 Mota
800 1534 945 1629 propert²
963 1533 1090 1606 castra:
1112 1532 1231 1605 vastati

266 1649 361 1746 agri:
384 1649 553 1746 direptus,
579 1652 683 1749 longai
709 1677 792 1747 pace
819 1652 855 1723 in
884 1653 1029 1723 modum
1054 1649 1233 1747 municipii

264 1769 469 1858 exstruslus,
498 1771 607 1858 locus,
631 1796 770 1841 amoeno
787 1769 969 1842 salubrium
987 1795 1155 1865 aquarum
1171 1767 1232 1840 usu

264 1886 425 1984 frequens
442 1915 451 1958 ε
478 1887 560 1963 missi
576 1889 618 1959 ad
637 1887 770 1960 Raetica
787 1887 913 1960 auxilia
928 1889 1051 1977 nuntii,
1071 1909 1108 1960 ut
1120 1886 1232 1960 versos

264 2006 302 2081 in
319 2007 493 2103 legionem
511 2005 694 2078 Helvetios
711 2032 730 2077 a
744 2026 841 2103 tergo
857 2007 1136 2101 adgrederentur.

262 2190 265 2195 .
311 2126 480 2198 LXVIII.
506 2126 605 2211 Inar,
624 2144 702 2196 ante
725 2123 903 2197 discrimen
920 2123 1062 2212 seroces,
1091 2124 1126 2195 in
1144 2125 1230 2220 peri-

263 2246 344 2317 culo
361 2241 491 2340 pavidi,
520 2268 732 2338 quamquam
750 2242 861 2338 primo
878 2244 1029 2315 tumultu
1046 2243 1231 2316 Claudium

264 2366 430 2437 Severum
447 2361 573 2432 ducem
597 2361 762 2457 legerant,
781 2387 852 2433 non
869 2387 965 2433 arma
987 2360 1138 2448 noscere,
1161 2387 1231 2432 non

263 2481 399 2555 ordines
416 2479 522 2575 sequi,
550 2505 620 2551 non
643 2480 803 2552 inunum
827 2478 1022 2551 consulere:
1050 2478 1230 2553 exitiosum

261 2600 426 2672 adt-'ersus
444 2619 620 2670 veteranos
639 2599 815 2694 proelium,
834 2599 941 2670 intuta
958 2596 1101 2686 obsrdi0,
1120 2598 1229 2694 dilap-

262 2721 303 2791 sis
330 2716 496 2788 vetustate
520 2718 716 2788 moenibus:
744 2716 824 2789 hinc
848 2716 986 2790 Caecina
1008 2743 1088 2790 cum
1115 2719 1230 2793 valido

262 2835 427 2922 exercitu,
446 2833 526 2906 inde
544 2835 684 2909 Raeticae
703 2836 765 2907 alae
784 2834 1019 2932 cohortesque,
1034 2842 1066 2909 ἃ
1081 2836 1229 2933 ipsorum

259 2959 443 3029 Ratorum
467 2952 638 3047 juventus,
669 2952 760 3027 sueta
786 2955 901 3043 armis,
932 2960 965 3027 ἃ
986 2981 1084 3027 more
1103 2958 1230 3031 militiae

261 3072 425 3152 exercita:
446 3072 600 3166 undique
618 3071 795 3166 populatio
819 3077 852 3145 δι
869 3076 998 3148 caedes:
1028 3074 1086 3170 ipsi
1105 3076 1141 3147 in
1157 3103 1229 3148 me-

260 3192 320 3263 dio
332 3190 427 3287 vagi,
441 3186 578 3284 abjeclis
594 3190 707 3278 armis,
727 3216 851 3288 magna
870 3218 946 3288 pars
962 3191 1075 3282 saucii,
1095 3217 1153 3267 aut
1170 3222 1229 3290 pa·

261 3312 382 3398 lantes,
412 3309 447 3379 in
471 3328 625 3380 montem
642 3309 822 3381 Vocetium
848 3311 1036 3407 perfugere.
1087 3318 1141 3385 Ac
1164 3314 1228 3385 sta-

259 3429 338 3517 tim,
360 3427 507 3499 immisslt
525 3429 666 3500 cohorte
683 3429 876 3516 Thracum,
895 3430 1040 3525 depulsi,
1071 3434 1118 3520 dr,
1146 3457 1227 3503 con-

260 3545 464 3618 sedantibus
482 3547 665 3619 Germanis
682 3545 872 3643 Raetisque,
892 3572 951 3642 per
964 3550 1060 3619 silvas
1077 3570 1180 3645 atque
1192 3550 1228 3622 in

260 3666 335 3762 ipsis
369 3665 502 3736 latebris
536 3665 708 3738 trucidati.
758 3668 875 3737 Multa
907 3666 1090 3738 hominum
1119 3667 1229 3741 millia

258 3782 356 3871 caesa,
375 3785 484 3853 multa
500 3781 560 3854 sub
573 3785 699 3855 coronal
711 3785 930 3856 venumdata.
980 3786 1155 3882 Cumque,
1174 3786 1227 3858 di-

258 3904 342 3987 rutis
358 3901 532 3991 omnibus,
551 3899 778 3991 Aventicum,
805 3901 915 4001 gentis
927 3923 1044 4001 caput,
1055 3902 1149 4000 justo
1166 3929 1227 4002 ag-
