3000 5144
451 514 844 594 Hrsronranuu
881 521 988 594 Lau.
1031 524 1059 595 1.
1185 546 1223 594 11

261 717 302 766 ac
322 673 548 790 suas'injurias
573 697 811 768 metiebantur.
857 695 1021 768 Germani
1045 691 1229 783 exercitus,

262 814 356 910 quod
381 813 698 908 periculosissimum
716 814 751 885 in
766 814 867 886 tantis
881 814 1022 902 viribus,
1046 813 1177 886 solliciti
1196 817 1230 885 bc

262 931 340 1004 irati
351 933 506 1028 superbial
519 933 661 1006 recentis
678 933 842 1022 vicloriae,
869 937 901 1005 ἃ
916 953 1026 1021 metu,
1049 954 1230 1029 tamquam

260 1050 342 1123 alias
365 1073 475 1147 partes
503 1050 673 1124 fovissent.
721 1052 839 1124 Tarde
870 1077 891 1123 a
915 1054 1058 1124 Nerone
1080 1051 1231 1124 descive-

262 1191 361 1241 rant:
394 1197 457 1244 nec
473 1172 587 1244 statim
610 1197 673 1266 pro
692 1171 805 1243 Galba
822 1170 1030 1268 Verginius:
1059 1196 1102 1242 an
1119 1170 1230 1266 impe-

263 1315 337 1362 tare
358 1290 515 1362 voluiffet
539 1290 711 1364 dubium:
736 1291 889 1362 delatum
905 1289 937 1361 ei
961 1315 981 1361 a
997 1288 1105 1361 milite
1122 1290 1232 1386 impe·

264 1409 355 1480 rium
386 1409 626 1481 conveniebat.
692 1409 877 1481 Fonteium
900 1407 1109 1505 Capitonem
1141 1410 1232 1481 occi·

261 1527 353 1617 sum,
371 1528 475 1601 etiam
504 1529 564 1626 qui
582 1528 679 1625 queri
696 1553 767 1600 non
791 1548 958 1625 poterant,
979 1547 1094 1601 tamen
1116 1528 1232 1626 indig-

265 1649 443 1721 nabantur.
506 1651 592 1720 Dux
625 1646 755 1736 deerat,
787 1648 936 1719 abducto
968 1646 1135 1744 Verginio
1173 1671 1233 1744 per

264 1767 514 1839 fimulationem
530 1766 713 1839 amicitiae:
739 1790 846 1863 quem
869 1791 941 1837 non
965 1765 1109 1855 remitti,
1129 1786 1233 1862 atque

263 1885 367 1958 etiam
390 1912 488 1958 reum
505 1889 585 1974 effe,
616 1906 795 1981 tamquam
812 1883 911 1957 suum
935 1885 1068 1956 crimen
1084 1885 1232 1981 accipie·

267 2006 362 2077 bant.

258 2132 262 2139 '
312 2126 377 2196 IX.
401 2126 599 2199 Sunsaron
619 2127 787 2199 exercitus
800 2128 966 2224 legatum,
986 2125 1233 2199 Hordeonium

263 2243 442 2331 Flaccum,
466 2244 656 2340 spernebat,
679 2244 810 2318 seneclal
839 2272 878 2317 ac
902 2244 1078 2317 debilitate
1103 2246 1234 2340 pedum

264 2363 470 2451 invalidum,
508 2368 575 2437 fine
605 2364 805 2453 constantie,
836 2368 904 2437 stne
937 2363 1160 2436 auctoritate:
1189 2391 1232 2437 ne

263 2483 382 2578 quieto
407 2482 549 2579 quidem
568 2483 690 2571 milite,
710 2483 886 2581 regimen3
913 2481 1000 2555 adeb
1017 2483 1163 2555 furentes
1182 2484 1233 2556 in-

261 2601 425 2674 firmitate
437 2603 612 2675 retinentis
624 2602 714 2674 ultro
732 2603 1016 2674 accendebantur.
1065 2600 1234 2676 Inferioris

262 2720 459 2792 Germaniae
484 2721 638 2817 legiones
665 2722 793 2793 diutius
822 2726 890 2794 sme
915 2721 1081 2795 consulari
1114 2720 1231 2795 fuere:
1295 2741 1301 2747 “

262 2831 388 2927 donec,
413 2838 513 2912 millu
530 2842 665 2929 Galbae,
691 2845 736 2911 A.
755 2840 912 2913 Vitellius
936 2843 1064 2929 aderat,
1088 2840 1234 2913 censoris

265 2958 409 3048 Vitellii,
428 2984 467 3030 ac
491 2981 541 3030 ter
559 2959 719 3048 consulis,
738 2959 840 3031 filins.
891 2962 931 3031 ld
951 2960 1025 3032 satis
1042 2960 1235 3032 videbatur.

265 3079 307 3148 ln
334 3077 529 3149 Britannico
562 3078 717 3151 exercitu
749 3078 835 3149 nihil
858 3079 997 3151 irarum.
1046 3081 1130 3149 Non
1158 3078 1235 3150 sane

264 3195 338 3269 aliae
364 3198 529 3294 legiones,
560 3223 621 3294 per
648 3223 768 3270 omnes
790 3199 942 3270 civilium
967 3200 1136 3270 bellorum
1160 3223 1235 3269 mo-

264 3337 334 3404 tus,
374 3316 590 3388 innocentius
623 3338 791 3414 egerunt:
828 3317 885 3389 seu
914 3317 996 3412 quia
1029 3318 1163 3413 procul,
1202 3321 1237 3389 bc

265 3437 407 3507 Oceano
424 3434 563 3519 divisae3
592 3434 661 3525 seu,
690 3435 816 3508 crebris
832 3436 1125 3532 expeditionibus,
1152 3437 1237 3508 doc·

265 3574 308 3626 tae
346 3554 481 3626 hostem
517 3554 631 3650 potius
662 3554 780 3627 odille.
847 3555 955 3653 Qties
996 3559 1029 3626 δι
1071 3555 1234 3650 Illyrico:

266 3696 482 3769 quamquam
497 3672 616 3744 excitae
635 3676 808 3746 aNerone
825 3675 992 3771 legiones,
1012 3676 1098 3746 dum
1115 3676 1151 3746 in
1169 3678 1236 3748 Ita·

267 3792 554 3882 nascuncuntur,
590 3791 795 3888 Verginium
826 3794 1053 3891 legationibus
1080 3796 1234 3868 adissent.

265 3912 333 3985 Sed
356 3911 469 4009 longis
485 3910 596 4008 spatiis
613 3909 746 3984 discreti
762 3913 946 4003 exercitus,
977 3915 1072 4010 quod
1088 3913 1235 3989 saluber·
