3000 5144
386 571 778 646 Hrsronrnnurr
820 568 1000 646 Lrn.ll.
1128 589 1194 670 ης

228 736 340 816 Varus
370 745 551 839 Alphenus
579 770 661 818 cum
688 747 835 834 Batavis,
864 745 938 818 susal
965 744 1195 843 gladiatorum

227 887 347 950 manu,
378 887 486 958 quarn
512 864 657 935 navibus
674 863 911 951 transveslam,
940 866 1105 959 oppofitae
1134 888 1194 935 co·

228 980 343 1050 horres
360 978 395 1050 in
411 977 484 1074 ipso
502 980 648 1053 flumine
664 981 927 1054 trucidaverant.
985 984 1038 1053 lta
1050 980 1196 1053 vislores

230 1098 319 1168 latus
337 1096 486 1169 hostiurn
503 1096 640 1170 invesli.

272 1215 407 1288 XLIV.
434 1217 490 1286 Er
511 1215 624 1287 medid
647 1217 719 1288 acie
736 1218 908 1312 perruptas,
935 1216 1054 1312 sugsre
1076 1219 1195 1312 passim

225 1331 426 1420 Othoniani,
461 1334 662 1406 Bebriacum
696 1354 858 1428 petentes.
916 1332 1127 1406 Immensum
1157 1334 1196 1407 id
1244 1325 1247 1337 ¹

227 1448 397 1546 spatium:
440 1451 622 1523 obstrudae
646 1451 757 1546 strage
786 1477 970 1546 corporum
998 1451 1087 1523 viae:
1125 1450 1197 1547 qud

229 1568 304 1662 plus
316 1567 421 1639 caedis
438 1566 524 1640 fuit:
553 1594 667 1664 neque
684 1568 777 1639 enim
794 1569 951 1642 civilibus
967 1570 1078 1659 bellis,
1105 1567 1197 1665 capti

229 1684 264 1754 in
297 1686 451 1779 praedam
480 1707 668 1759 vertuntur.
727 1687 907 1759 Suetonius
938 1687 1128 1777 Paullinus,
1163 1690 1198 1759 &

230 1800 387 1874 Licinius
410 1804 588 1893 Proculus,
614 1804 752 1876 diversis
770 1805 960 1893 itineribus,
990 1805 1096 1877 castra
1111 1803 1197 1876 vita·
1288 1860 1293 1873 ,

228 1922 319 1992 νὲῑε.
368 1920 519 1994 Vedium
549 1923 731 2019 Aquilam,
770 1923 1022 1997 tertiaedecimae
1052 1921 1198 2020 legionis

228 2040 397 2136 legatum,
432 2039 489 2111 irae
516 2040 665 2113 militum
693 2041 903 2113 inconsultus
931 2066 1039 2137 pavor
1061 2038 1198 2112 obtulit.

228 2158 348 2228 Multo
369 2157 482 2230 adhuc
499 2158 555 2229 die
583 2159 714 2230 vallum
732 2159 911 2254 ingressus,
943 2161 1090 2231 clamore
1110 2155 1216 2238 sedi,

229 2273 393 2347 tiosorum
419 2275 655 2373 &fugacium
682 2276 991 2373 circumstrepitur:
1022 2301 1094 2348 non
1117 2300 1199 2372 pro·
1281 2344 1284 2349 .

229 2393 311 2480 bris,
340 2418 411 2463 non
437 2393 596 2466 manibus
620 2393 814 2466 abstinent:
843 2393 1093 2467 “desertorem
1118 2419 1197 2491 pro·

235 2518 263 2553 “
281 2510 521 2606 ditoremque'’
539 2511 741 2607 increpant;
776 2513 872 2583 nullo
896 2511 1035 2607 proprio
1056 2511 1199 2585 crimine

228 2627 312 2726 ejus,
338 2627 410 2717 sed,
430 2655 526 2701 more
538 2629 649 2725 vulgi,
672 2628 769 2701 suurn
788 2628 929 2726 quisque
944 2629 1114 2726 flagitium
1125 2631 1199 2703 aliis

228 2744 447 2842 objeslantes·
496 2747 677 2818 Titianum
695 2752 729 2820 δε
753 2748 890 2819 Celsum
914 2771 985 2818 nox
1003 2746 1106 2842 juvit,
1132 2747 1200 2820 dis·
1261 2841 1266 2849 .

230 2865 344 2962 positis
355 2863 430 2960 jam
443 2865 612 2953 excubiis,
638 2864 895 2961 compressisque
912 2864 1091 2955 militibus,
1112 2890 1200 2961 quos

229 2983 365 3055 Annius
378 2984 498 3055 Gallus
517 2983 687 3079 precibus,
711 2984 863 3071 consilio,
891 2981 1091 3055 austoritate
1112 2985 1200 3055 flex-

231 3122 316 3189 erat,
339 3108 366 3143 “
386 3126 429 3172 ne
457 3100 556 3196 super
572 3102 707 3172 cladem
733 3101 878 3173 adversae
897 3126 1037 3197 pugnae,
1066 3099 1202 3173 suismet

232 3226 259 3261 “
276 3219 335 3314 ipsr
364 3217 517 3290 'caedibus
533 3216 712 3290 saevirent:
742 3221 808 3289 five
825 3219 902 3290 finis
926 3218 1018 3290 bello
1042 3218 1197 3309 venisset,

231 3344 259 3378 “
278 3335 334 3407 seu
363 3334 528 3407 resumere
555 3362 649 3408 arma
677 3338 832 3424 mallent,
867 3336 1009 3408 unicum
1037 3335 1134 3407 vistis
1164 3336 1201 3408 in

231 3463 258 3498 “
276 3454 435 3528 consensu
452 3455 720 3525 levamentum.''
768 3454 898 3527 Ceteris
915 3453 1039 3526 fradus
1056 3454 1202 3527 animus.

232 3572 459 3643 Praetorianus
476 3572 587 3659 miles,
603 3580 628 3613 “
648 3597 719 3643 non
736 3572 860 3644 virtute
876 3571 921 3660 se,
933 3570 989 3644 sed
1007 3570 1204 3667 proditione

231 3697 258 3731 “
278 3688 434 3761 vistum''
460 3688 637 3761 fremebat.
695 3692 806 3761 “Ne
835 3689 1024 3761 Vitellianis
1057 3690 1201 3785 quidem

231 3815 259 3850 “
277 3806 490 3879 incruentam
507 3804 602 3878 fuiffe
620 3805 814 3896 vietoriarn,
839 3805 936 3904 pulso
954 3807 1081 3903 equite,
1107 3812 1203 3905 rapta

234 3924 423 4020 “legionis
454 3922 600 4020 aquilal:
644 3921 809 4018 superesse
840 3950 922 3997 cum
954 3922 1028 4023 ipso
1062 3929 1202 4001 Othone

658 4044 674 4112 l
717 4066 737 4111 a
