3000 5144
357 531 421 604 108
576 528 618 602 C.
655 527 899 601 Cornum
927 523 1105 600 Tncrrr

356 702 384 738 “
404 697 562 786 consiliis,
601 697 717 773 adfore
745 697 965 787 conatibus,’'
996 697 1223 772 testabantur:
1255 721 1324 771 neu

353 816 430 914 quis
447 818 585 890 obviam
603 816 651 888 ire
667 815 840 889 sententiae
862 818 1014 905 auderet,
1036 815 1072 887 in
1088 816 1324 890 adulationem

352 940 591 1010 concesserant.
636 935 822 1032 Postquam
848 935 991 1034 pugnari
1016 935 1195 1031 placitum,
1226 944 1253 979 “
1271 936 1324 1009 in-

354 1063 381 1097 “
399 1058 515 1128 tereffe
546 1081 671 1152 pugnae
701 1056 962 1152 Imperatorem,
990 1081 1033 1127 an
1061 1054 1176 1150 seponi
1201 1053 1324 1128 melius

354 1182 382 1217 “
401 1173 530 1263 foret,''
554 1173 769 1246 dubitavlre.
817 1173 976 1247 Paullino
995 1179 1028 1246 ἃ
1050 1171 1150 1245 Celso
1159 1171 1233 1270 jam
1250 1200 1324 1246 non

352 1292 624 1381 adversantibus,
655 1318 697 1365 ne
729 1292 925 1389 Principem
960 1290 1130 1389 objectare
1164 1292 1323 1388 periculi-s

353 1413 563 1502 viderentur,
598 1413 703 1484 iidem
728 1412 777 1482 illi
806 1411 982 1484 deterioris
1015 1410 1145 1484 consilii
1170 1412 1323 1484 amores

352 1535 544 1629 perpullre‚
573 1540 600 1574 “
618 1554 657 1604 ut
685 1531 872 1604 Brixellum
902 1533 1118 1620 concederet,
1143 1557 1181 1603 ac
1210 1530 1323 1602 dubiis

354 1660 382 1693 “
401 1651 603 1746 proeliorum
620 1671 816 1747 exemptus,
846 1650 988 1722 summae
1005 1675 1118 1722 rerum
1137 1653 1169 1722 δι
1185 1647 1322 1746 imperii

353 1778 380 1813 “
398 1768 430 1842 se
459 1767 570 1865 ipsum
602 1769 816 1856 reservaret.’'
883 1772 915 1841 ls
945 1769 1076 1864 primus
1105 1767 1176 1841 dies
1205 1769 1322 1841 Otho·

353 1889 470 1963 nianas
489 1910 600 1986 partes
616 1889 771 1962 adflixit:
795 1914 946 1985 namque
972 1893 1004 1960 ἃ
1033 1914 1115 1960 eum
1136 1886 1207 1982 ipso
1233 1912 1322 1982 prae-

351 2009 516 2083 toriarum
564 2008 773 2097 cohortium,
829 2013 861 2081 δι
912 2005 1176 2103 speculatorum,
1223 2006 1321 2103 equi-

353 2150 513 2226 tumque,
540 2128 656 2201 valida
680 2153 802 2200 manus
828 2126 985 2212 disceffit;
1015 2127 1323 2199 &remanentium

352 2248 477 2320 fanus
494 2247 646 2320 animus:
678 2249 817 2342 quando
841 2245 981 2343 suspecti
1003 2247 1122 2333 duces,
1153 2247 1186 2317 ἃ
1210 2246 1321 2335 Otho,

352 2367 407 2440 cui
431 2367 492 2439 uni
512 2367 606 2462 apud
629 2364 775 2451 militem
800 2366 899 2454 fides,
924 2365 1010 2437 dum
1029 2369 1062 2436 &
1083 2363 1153 2460 ipse
1174 2389 1243 2435 non
1260 2361 1324 2438 nisi

353 2486 520 2560 militibus
547 2485 668 2577 credit,
698 2484 842 2583 imperia
868 2486 1001 2569 ducum
1023 2482 1057 2555 in
1084 2481 1215 2569 incerto
1243 2482 1321 2559 reli-

353 2626 487 2704 querat.
1196 2705 1199 2709 *
1293 2585 1294 2589 ¹

400 2728 574 2799 XXXlV.
615 2727 742 2799 Num
777 2751 895 2800 eorum
933 2725 1133 2800 Vitellianos
1167 2724 1321 2814 fallebat,

351 2845 491 2936 crebris,
515 2866 552 2918 ut
570 2845 605 2917 in
623 2845 717 2925 civili
741 2847 845 2935 bello,
874 2844 1066 2943 transfugiis
1074 2875 1084 2931 ;
1106 2850 1138 2918 δι
1162 2847 1322 2942 explora·

351 2988 439 3040 tores
456 2967 536 3048 curli
553 2963 685 3037 diversa
700 2962 900 3056 sciscitandi,
923 2964 981 3038 sua
1001 2991 1072 3037 non
1089 2967 1321 3038 occultabant.

351 3086 471 3184 Qrieti
485 3084 674 3181 intentique
686 3085 824 3158 Caecina
841 3111 881 3158 ae
899 3086 1037 3173 Valens,
1057 3085 1198 3180 quando
1215 3083 1321 3157 hostis

350 3204 581 3304 impmdentia
598 3226 724 3294 rueret,
752 3205 849 3302 quod
868 3206 946 3277 loco
963 3202 1133 3300 sapientia
1151 3202 1213 3291 est,
1238 3202 1321 3275 alie·

351 3353 434 3400 nam
473 3324 650 3399 stultitiam
685 3324 967 3421 opperiebantur,
1011 3323 1173 3396 inchoato
1215 3343 1322 3419 ponte

351 3449 527 3518 transitum
568 3445 652 3516 Padi
686 3445 892 3532 simulantes,
933 3444 1095 3515 adversus
1126 3447 1321 3537 oppofitam

352 3565 583 3661 gladiatorum
602 3589 759 3651 manum,
790 3589 829 3635 ac
857 3588 900 3634 ne
924 3561 1072 3658 ipsorum
1095 3561 1193 3633 miles
1217 3562 1321 3659 segne

352 3686 467 3756 otium
488 3701 617 3755 tereret.
668 3683 799 3771 Naves,
826 3682 896 3777 pari
914 3681 1001 3754 inter
1014 3680 1046 3753 se
1064 3679 1182 3777 spatio,
1201 3680 1324 3767 validis
1434 3684 1435 3689 ’

350 3802 524 3899 utrimque
542 3801 696 3873 trabibus
717 3826 896 3890 connexa,
926 3799 1105 3873 adversum
1131 3799 1168 3871 in
1189 3803 1322 3872 flumen

351 3919 603 4018 dirigebantur,
622 3915 722 4015 jactis
739 3918 836 4019 super
859 3919 1005 4011 ancoris,
1029 3945 1107 4016 quae
1123 3919 1322 4002 firmitatem
