3000 5144
444 568 833 642 H1sr0R1ARuM
867 570 976 642 Liu.
1013 568 1076 642 IV.
1175 589 1245 666 277

272 739 456 836 postquam
473 741 617 815 obvibm
644 742 745 833 itum,
772 743 929 815 omisere.
979 742 1181 829 Mucianus,
1201 763 1245 812 ne

269 855 383 954 sperni
400 856 532 930 senatus
542 858 731 955 judicium,
754 864 932 934 &cuiuis
948 860 1010 934 sub
1022 864 1166 934 Nerone
1181 861 1242 932 ad·

270 974 373 1048 miffis
401 979 482 1051 data
508 979 693 1075 impunitas
717 979 904 1068 videretur,
931 981 1118 1052 Osiavium
1143 978 1243 1050 Sabi-

269 1120 355 1166 num
376 1096 558 1192 Sagittam,
588 1102 620 1170 &
655 1099 844 1170 Antistium
875 1101 1064 1185 Sosianum,
1087 1095 1243 1169 senatorii

270 1215 413 1303 ordinis,
438 1219 584 1312 egressos
600 1218 771 1305 exsilium,
789 1217 824 1288 in
842 1215 976 1288 easdem
1000 1214 1123 1287 insulas
1143 1215 1241 1286 rede-

269 1332 330 1427 git.
380 1334 544 1406 Oc‘tavius
562 1335 721 1407 Pontiam
739 1335 966 1421 Postumiam,
986 1335 1103 1428 stupro
1116 1332 1237 1429 cogni·

269 1469 355 1537 tam,
382 1456 416 1524 ὃ(
435 1453 571 1548 nuptias
594 1452 669 1525 suas
684 1457 909 1541 abnuentem,
928 1453 1101 1547 impotens
1118 1449 1242 1522 amoris

269 1567 498 1642 interfecerat:
523 1572 678 1644 Sosianus
697 1573 865 1667 pravitate
882 1595 1019 1643 morum
1037 1568 1154 1642 multis
1167 1567 1241 1639 exi·

269 1685 384 1759 tiosus.
433 1694 554 1763 Ambo
572 1691 668 1787 gravi
691 1688 976 1764 senatusconsulto
992 1688 1144 1760 damnati
1162 1688 1240 1783 pul·

268 1807 375 1902 sque,
395 1810 551 1904 quamvis
570 1813 727 1882 conceffo
740 1810 812 1882 aliis
830 1808 954 1896 reditu,
973 1807 1009 1878 in
1025 1807 1146 1878 efidem
1162 1831 1239 1901 poe·
1285 1824 1286 1828 ’

268 1928 312 1997 nil
336 1925 456 1997 retenti
474 1924 560 1999 sunt.
610 1930 688 2000 Nec
705 1929 784 2000 ideo
809 1927 913 2000 lenita
930 1950 1012 2023 erga
1027 1904 1255 1998 Mucianum'

266 2042 408 2116 invidia.
458 2044 601 2142 Qippe
617 2050 771 2120 sosianus
793 2072 833 2119 ac
859 2044 990 2142 Sagitta
1012 2044 1110 2134 viles,
1135 2043 1240 2114 etiam

267 2165 290 2234 si
306 2183 574 2236 reverterentur:
602 2164 836 2238 accusatorum
855 2163 1004 2261 ingenia,
1031 2165 1065 2234 &
1080 2187 1176 2258 opes,
1203 2165 1239 2234 δε

267 2282 417 2355 exercita
434 2284 532 2355 malis
549 2284 676 2357 artibus
689 2283 855 2380 potentia,
868 2282 1090 2355 timebantur.

315 2402 430 2473 XLV.
469 2405 797 2475 Ricoiciiiivii
831 2401 1011 2498 paullisper
1041 2398 1153 2473 studia
1178 2423 1240 2495 pa-

267 2539 374 2608 trum,
402 2519 519 2593 habita
543 2520 578 2592 in
604 2520 719 2593 senatu
744 2521 911 2618 cogniti0,
936 2520 1124 2592 secundiim
1142 2540 1238 2591 vete·

265 2663 338 2710 rem
362 2663 508 2710 morem.
558 2640 713 2711 Manlius
731 2639 914 2726 Patruitus,
941 2637 1083 2726 senator,
1114 2644 1140 2679 “
1160 2639 1238 2733 pul-

267 2763 293 2799 “
313 2756 421 2829 satum
438 2755 471 2830 se
495 2759 529 2830 in
552 2759 686 2831 colonia
702 2761 850 2845 Senensi,
879 2775 974 2829 coetu
991 2755 1237 2844 multitudinis,

265 2882 294 2918 “
312 2875 444 2972 &jussu
457 2877 742 2974 magistratuum”
760 2877 967 2973 querebatur
983 2902 991 2945 :
1013 2882 1039 2916 “
1053 2899 1117 2946 nec
1131 2875 1237 2946 finem

266 3002 294 3038 “
313 2992 444 3090 injuriae
468 2995 527 3067 hic
555 2996 695 3067 stetiffe:
724 2997 914 3091 planslum,
945 3002 978 3069 δι
1005 2994 1168 3081 lamenta,
1203 2996 1237 3063 δε

266 3113 551 3208 “supremorum
586 3114 775 3212 imaginem
805 3113 957 3209 prasenti
992 3111 1052 3184 fibi
1086 3111 1237 3183 circum·

266 3239 293 3273 “
312 3233 404 3321 data,
429 3256 511 3305 cum
532 3232 749 3304 contumeliis
771 3235 804 3301 &
823 3231 972 3326 probris,
992 3256 1068 3326 quae
1092 3229 1126 3301 in
1143 3227 1237 3300 sena·

265 3356 293 3391 “
312 3371 386 3423 tum
420 3350 615 3423 universum
642 3349 872 3446 jacerentur.”
921 3348 1056 3435 Vocati,
1090 3347 1151 3444 qui
1182 3371 1236 3417 ar·

266 3473 470 3567 guebantur.
522 3472 567 3541 Et
582 3469 721 3566 cognitsa
738 3470 852 3555 causa,
876 3466 912 3538 in
929 3466 1106 3538 convictos
1123 3463 1236 3538 vindi-

262 3609 389 3661 catum.
439 3589 683 3684 Additumque
712 3584 1049 3673 senatusconsultum,
1081 3607 1152 3681 quo
1176 3584 1234 3653 Se-

263 3712 419 3782 nensium
448 3709 565 3804 plebes
592 3706 767 3779 modestia
795 3706 1047 3777 admoneretur.
1111 3699 1236 3775 lisdem

261 3826 384 3899 diebus
405 3826 579 3899 Antonius
595 3826 754 3897 Flamma
771 3826 1021 3920 Cyrenensibus
1036 3824 1231 3912 damnatur,

260 3946 338 4044 lege
351 3946 636 4044 repetundarum,
650 3947 683 4016 δι
701 3944 818 4016 exsilio
830 3946 877 4016 ob
891 3941 1066 4015 saevitiam.

707 4062 779 4157 Ta
