3000 5144
422 598 818 671 Hrsronrnnusr
850 600 961 673 Lra.
996 600 1059 673 ΙΙΙ.
1164 622 1226 697 171

261 768 465 866 “stipendii
496 769 733 868 frumentique
764 774 810 846 ad
843 772 1056 846 deditionem
1088 771 1234 870 subigi.''
1310 763 1315 783 ’

262 888 399 962 Eadem
413 890 603 963 Mucianus
625 892 751 964 crebris
769 892 919 989 epistolis
935 895 1113 981 monebat,
1141 900 1167 934 “
1181 893 1234 964 in·

263 1014 292 1050 “
309 1029 485 1081 cruentam
505 1014 537 1081 δι
555 1012 623 1081 sme
639 1010 734 1084 lustu
752 1011 972 1099 vidoriam,''
995 1011 1105 1083 &alia
1121 1009 1235 1107 hujus-

261 1127 397 1199 cemodi
415 1128 657 1223 praetexend03
674 1126 732 1201 sed
749 1131 867 1227 gloriae
885 1129 1021 1221 avidus,
1036 1150 1139 1227 atque
1156 1156 1234 1202 om-

261 1270 305 1317 ne
322 1246 402 1319 belli
419 1246 524 1319 decus
547 1247 607 1319 fibi
625 1248 784 1322 retinens.
834 1249 999 1322 Ceterum
1025 1274 1069 1321 ex
1086 1249 1237 1322 distanti·

262 1366 327 1439 bus
349 1386 516 1439 terrarum
533 1364 659 1462 spatiis,
680 1367 819 1440 consilia
835 1367 911 1464 post
925 1393 977 1441 res
993 1370 1233 1444 afferebantur.

309 1486 374 1557 lX.
403 1486 546 1557 Iorrun
577 1485 759 1582 repentino
791 1486 929 1560 incursu
957 1489 1134 1561 Antonius
1169 1488 1235 1561 sta·

260 1602 372 1676 tiones
399 1603 549 1676 hostium
578 1603 762 1701 inrumpit,
792 1604 996 1703 tentatisque
1020 1607 1086 1680 levi
1111 1607 1238 1702 proelio

264 1722 402 1811 animis,
431 1748 476 1796 ex
500 1750 604 1821 aequo
620 1723 811 1798 discessum.
861 1728 955 1798 Mox
979 1726 1120 1800 Caeeina
1150 1725 1238 1798 inter

263 1840 465 1931 Hostiliam,
497 1842 615 1916 vicum
633 1846 899 1934 Veronensum,
930 1850 962 1918 δι
989 1847 1133 1942 paludes
1149 1848 1237 1919 Tar·

262 1960 330 2064 tari¹
348 1961 514 2049 fluminis,
544 1963 649 2035 castra
674 1964 881 2060 permuniit:
914 1983 1007 2038 tutus
1031 1966 1125 2054 loco,
1155 1967 1239 2040 cnm

262 2098 361 2177 terga
385 2080 540 2169 flumine,
571 2083 673 2154 latera
697 2081 834 2181 objestu
858 2082 992 2179 paludis
1016 2102 1235 2180 tegerentur:

263 2201 361 2298 qudd
386 2204 408 2272 sr
433 2200 591 2277 adfuisset
616 2202 715 2289 fides,
740 2221 797 2274 aut
816 2201 970 2298 opprimi
996 2202 1159 2277 univerfis
1174 2204 1235 2276 Vi-

262 2320 480 2394 tellianorum
510 2319 641 2394 viribus
666 2321 745 2393 duae
774 2320 942 2418 legiones,
972 2322 1131 2395 nondum
1153 2347 1237 2395 con-

255 2437 381 2540 junuo
398 2443 549 2514 Moesico
572 2441 739 2529 exercitu,
770 2442 926 2537 potudre,
955 2462 1013 2514 aut
1030 2461 1118 2514 retro
1136 2444 1236 2530 attae,

261 2557 392 2633 deserta
419 2558 531 2650 ltalia,
562 2579 699 2657 turpem
724 2557 845 2657 sugam
874 2558 1120 2633 conscivissent.
1169 2563 1237 2634 Sed
1262 2578 1264 2582 '

262 2679 415 2769 Caecina,
445 2703 505 2775 per
529 2678 638 2751 varias
657 2704 784 2766 moras,
816 2678 928 2775 prima
944 2679 1098 2751 hostibus
1117 2680 1236 2774 prodi-

262 2798 314 2872 dit
331 2819 486 2895 tempora
503 2798 601 2888 belli,
620 2798 707 2872 dum
724 2825 812 2895 quos
828 2797 931 2871 armis
947 2797 1075 2894 pellere
1092 2822 1235 2894 promp-

262 2903 338 2992 tum
370 2939 455 3007 erat,
491 2917 641 3014 epistolis
667 2918 837 3017 increpat,
865 2919 978 2990 donec
1007 2941 1067 3012 per
1099 2916 1238 2988 nuntios

265 3040 364 3134 pasta
388 3037 540 3134 perfidiae
559 3039 720 3110 firmaret.
771 3037 912 3110 Interim
941 3034 1100 3132 Aponius
1124 3036 1238 3107 Satur·

262 3157 362 3231 ninus
379 3184 459 3232 cum
478 3158 614 3255 legione
632 3156 774 3252 septimis
791 3154 979 3229 Claudiand
995 3153 1159 3226 advenit:
1189 3156 1236 3226 le-

263 3277 361 3374 gioni
390 3277 545 3350 tribunus
562 3276 757 3373 Vipstanius
782 3275 928 3346 Messala
957 3292 1110 3369 praeerat,
1141 3272 1237 3344 elaris

263 3396 462 3494 majoribus,
484 3397 642 3494 egregius
659 3394 742 3490 ipse,
762 3398 795 3466 ἃ
813 3393 873 3491 qui
891 3393 979 3465 solus
996 3391 1088 3464 adid
1106 3391 1237 3464 bellum

261 3537 348 3588 artes
366 3519 473 3589 bonas
489 3516 661 3588 attulisset.
711 3516 788 3587 Has
805 3514 849 3585 ad
865 3511 995 3607 copias,
1015 3536 1237 3607 nequaquam

263 3635 451 3708 Vitellianis
468 3660 562 3732 pares
576 3633 728 3731 (quippe
743 3653 807 3704 tres
819 3632 933 3704 adhuc
953 3629 1104 3727 legiones
1120 3632 1235 3724 erant)

261 3756 350 3829 misrt
373 3756 529 3852 epistolas
550 3752 701 3842 Caecina,
728 3750 1004 3824 “temeritatem
1028 3750 1118 3822 vitta
1142 3777 1238 3825 arma

263 3883 290 3924 “
309 3874 555 3948 tradantium’'
583 3871 755 3945 incusans:
786 3872 884 3945 fimul
915 3869 1066 3942 “virtus
1090 3872 1236 3945 Germa·

265 4001 293 4048 “
311 3995 381 4070 nici
411 3993 623 4083 exercitlls,''
652 3991 814 4065 laudibus
846 3989 1082 4081 attollebatur,
1106 3990 1236 4067 Vitellii
