3000 5144
257 522 297 590 18
478 516 1042 591 C.Connn1.11TAcirr

258 697 285 730 “
304 688 419 777 fueris,
448 693 469 761 sr
496 692 574 764 duae
603 691 770 787 legiones,
802 690 836 762 in
864 693 931 763 hoc
958 693 1105 762 concussi
1131 690 1231 767 orbis¹

259 816 286 848 “
306 827 417 896 motu,
448 811 604 882 nondum
624 810 811 905 quieseunt.
861 813 918 883 Ne
936 809 1005 906 ipse
1022 809 1165 905 quidem
1181 811 1230 882 ad·

259 932 287 966 “
306 924 436 998 securas
460 954 511 1000 res
531 933 666 1001 aecelli:
707 933 739 999 &
770 927 885 1000 audita
911 926 1112 1023 adoptione,
1140 930 1228 1000 defi·

262 1050 289 1084 “
308 1070 387 1116 narn
405 1047 513 1118 videri
530 1047 647 1135 senex,
677 1048 773 1142 quod
805 1072 898 1119 nunc
921 1045 1007 1118 mihi
1031 1070 1141 1118 unum
1164 1049 1231 1117 ob·

260 1168 286 1204 “
298 1161 427 1257 jicitur.
477 1168 575 1237 Nero
598 1192 618 1237 a
634 1167 775 1261 peffimo
792 1190 933 1260 quoque
949 1163 1082 1261 semper
1097 1164 1229 1236 defide-

260 1289 287 1324 “
305 1283 458 1355 rabitur:
494 1284 580 1355 mihi
614 1309 653 1355 ac
689 1282 753 1354 tibi
789 1282 1045 1378 providendum
1079 1283 1142 1370 est,
1186 1304 1233 1354 ne

259 1407 286 1441 “
305 1401 408 1472 etiam
425 1428 445 1472 a
463 1402 562 1474 bonis
576 1403 795 1473 desideretur.
846 1402 994 1472 Monere
1007 1399 1149 1489 diutius,
1168 1425 1231 1471 ne-

261 1527 287 1561 “
308 1546 375 1614 que
404 1519 570 1615 temporis
598 1517 723 1615 hujus;
762 1522 795 1589 &
831 1517 1015 1613 impletum
1045 1517 1233 1590 est·omne

260 1645 287 1679 “
306 1637 500 1725 confilium,
524 1641 547 1708 fi
574 1656 608 1708 te
633 1639 722 1708 bene
744 1636 844 1733 elegi.⁴
894 1636 1100 1709 Utiliffimus
1119 1635 1232 1727 idem,

261 1762 288 1796 “
306 1780 345 1826 ac
364 1753 575 1827 breviffimus
593 1756 763 1827 bonarum
782 1757 1021 1851 malarumque
1037 1779 1153 1827 rerum
1169 1755 1232 1827 de·

260 1880 287 1915 “
305 1874 424 1960 Icelus,
443 1872 608 1969 cogitare,
629 1873 712 1969 quid
732 1894 789 1945 aut
807 1874 954 1946 volueris
970 1873 1033 1946 sub
1049 1873 1118 1945 alio
1133 1872 1233 1944 Prin·

260 2000 288 2034 “
307 1991 397 2086 cipe,
415 2011 473 2063 aut
490 1990 651 2064 nolueris.
701 1994 829 2088 Neque
845 1992 938 2065 enim
967 1992 1043 2080 hic,
1067 2011 1106 2063 ut
1123 1991 1161 2063 in
1177 2017 1234 2065 ce·

261 2111 386 2181 “teris
414 2110 587 2205 gentibus,
613 2135 691 2205 quae
717 2130 918 2206 regnantur,
951 2130 1042 2182 certa
1069 2110 1233 2182 domino·

263 2236 290 2271 “
310 2254 386 2300 rum
410 2229 550 2316 domus,
569 2231 602 2299 ἃ
620 2227 722 2299 ceteri
739 2227 847 2300 servi:
877 2228 934 2301 sed
951 2229 1181 2326 imperaturus
1197 2255 1235 2303 es

264 2354 291 2389 “
310 2346 522 2435 hominibus,
549 2345 609 2441 qui
639 2370 702 2418 nec
730 2366 840 2418 totam
857 2345 1053 2419 servitutem
1071 2348 1139 2443 pati
1158 2347 1237 2445 pos·

265 2471 292 2507 “
311 2464 398 2553 sunt,
426 2489 489 2536 nec
517 2484 627 2535 totam
656 2462 886 2536 libertatem.”
938 2468 984 2537 Et
1014 2467 1127 2538 Galba
1158 2468 1235 2564 qui·

263 2582 359 2669 dem,
387 2584 462 2654 haec
492 2607 531 2653 ac
549 2582 641 2669 talia,
671 2601 849 2678 tamquam
866 2583 1064 2680 Principem
1083 2584 1235 2670 faceret;

265 2699 382 2788 ceteri,
409 2720 586 2795 tamquam
613 2725 694 2771 cum
720 2698 810 2772 fallo
835 2703 1079 2797 loquebantur.

312 2821 428 2890 XVII.
453 2820 633 2890 Pmounni
660 2817 775 2889 ferunt
804 2819 918 2892 statim
946 2822 1170 2910 intuentibus,
1202 2825 1238 2894 δε

265 2963 351 3010 mox
384 2934 545 3030 conjectis
577 2936 611 3007 in
640 2961 722 3008 eum
753 2938 913 3012 omnium
941 2939 1064 3028 oculis,
1100 2942 1237 3013 nullum

265 3056 406 3143 turbati,
436 3075 495 3126 aut
519 3053 731 3142 exsultantis,
761 3055 866 3127 animi
883 3077 1020 3129 motum
1038 3058 1237 3153 prodidille.

265 3179 385 3248 Sermo
402 3199 484 3269 erga
502 3193 634 3268 patrem
652 3174 969 3270 imperatoremque
995 3201 1167 3264 reverens,
1192 3177 1238 3249 de

267 3295 300 3367 se
317 3295 525 3380 moderatus,
543 3291 626 3363 nihil
644 3292 679 3361 in
696 3293 793 3364 vultu
817 3294 1009 3391 habituque
1037 3316 1236 3367 mutatum:

267 3417 361 3508 quasi
385 3412 550 3507 imperare
574 3411 681 3505 pollet
710 3411 834 3508 magis,
852 3413 959 3508 quam
977 3415 1093 3485 vellet.
1143 3416 1239 3486 Con-

268 3531 428 3602 sultatum
459 3530 552 3617 inde,
578 3535 604 3570 “
620 3553 682 3623 pro
711 3528 836 3616 rostris,
864 3556 908 3600 an
926 3529 961 3600 in
979 3528 1109 3618 senatu,
1134 3556 1177 3602 an
1201 3532 1240 3602 in

270 3655 296 3693 “
318 3648 430 3720 castris
447 3648 589 3744 adoptio
606 3651 900 3742 nuncuparetur.''
951 3656 976 3690 “
991 3649 1037 3720 lri
1054 3648 1090 3720 in
1108 3651 1241 3722 castra''

270 3765 420 3859 placuit:
455 3764 728 3837 “honorificum
746 3765 782 3836 id
801 3766 964 3838 militibus
982 3764 1068 3856 fore,
1088 3791 1240 3863 quorum

269 3891 296 3925 ‘⁴
315 3882 483 3973 favorem,
505 3903 543 3957 ut
561 3880 744 3981 largitione
769 3887 802 3956 &
826 3883 958 3957 ambitu
975 3884 1067 3957 male
1084 3885 1237 3992 adquiri,
