3000 5144
411 568 483 641 234

410 738 581 843 adfectat.
644 741 798 820 XVIII.
828 740 1025 823 Hordeonii
1052 741 1181 822 Flacci
1193 738 1368 850 segnitia.
1478 745 1482 749 ’

415 867 513 947 Villi
523 872 676 948 Romani
690 872 728 950 in
754 873 882 952 Vetera
899 874 1015 979 castra
1018 871 1193 983 fugiunt.
1251 872 1366 951 XIX.

408 1000 638 1079 Batavorum
656 1005 699 1082 ὅ
731 1003 1019 1109 Canninefatium
1037 1003 1204 1095 cohortes,
1234 1031 1314 1109 qna
1332 1001 1369 1079 in

411 1128 541 1207 Urbem
552 1133 765 1237 pergebant,
783 1151 977 1241 corruptae,
1003 1131 1119 1212 Civili
1122 1131 1368 1236 junguntur;

409 1262 453 1338 &
471 1264 646 1365 Banneefi
664 1263 791 1369 proelio
814 1267 1049 1377 Romanorum
1076 1261 1185 1340 aciem
1196 1260 1367 1367 perfrin-

397 1408 514 1505 gunt.
573 1395 684 1475 XXI.
716 1396 803 1472 Suos
821 1412 938 1472 tamen
970 1394 1007 1472 in
1029 1391 1141 1471 verba
1169 1389 1374 1496 Vespastani

360 1614 362 1618 Ι
405 1520 526 1624 adegit
545 1522 687 1616 Civilis,
716 1542 757 1602 ut
775 1522 907 1629 hostilia
924 1525 1075 1604 velaret.
1122 1522 1254 1601 XXII.
1276 1523 1366 1600 Sta-

405 1651 536 1758 timque
549 1656 677 1731 Vetera
690 1653 825 1758 obfidet.
854 1656 999 1734 XXIV.
1015 1652 1236 1732 Hordeonius
1249 1653 1365 1731 Flac-

406 1810 480 1874 cus,
494 1781 671 1887 seditione
699 1784 930 1891 corylo'tlatns,
942 1788 1121 1890 stammam
1147 1810 1268 1861 rerum
1291 1783 1365 1861 Vo-

405 1912 496 1991 cnlee
520 1915 716 2022 permittit.
776 1913 955 2021 Adstnunt
988 1915 1174 1993 Gallorum
1209 1913 1363 1995 auxilia.

404 2046 558 2123 XXVI.
589 2043 792 2123 Herennius
818 2047 958 2138 Gallus,
978 2045 1015 2123 in
1026 2061 1171 2151 partem
1189 2071 1366 2122 curarum

406 2175 548 2255 Voculae
565 2173 720 2268 additus,
749 2205 789 2255 re
801 2174 990 2279 infeliciter
999 2174 1110 2280 gestet,
1130 2172 1364 2255 verberatur.

402 2305 515 2381 Nova
535 2304 677 2411 stditio.
735 2305 927 2385 XXVIII.
968 2304 1142 2383 Germani
1165 2302 1315 2413 preedas
1344 2333 1366 2383 e

404 2433 521 2512 Gallis
537 2452 665 2539 agunt.
722 2437 878 2515 XXIX.
913 2435 1026 2513 Varia
1047 2436 1238 2513 Germanos
1265 2434 1365 2514 inter

402 2566 636 2645 &Romanos
659 2566 864 2647 certamina.
918 2566 1066 2647 XXXI.
1092 2562 1245 2644 Auxilia
1264 2567 1364 2644 Gal·

399 2696 528 2788 lornm,
566 2694 728 2776 nuntiato
758 2700 979 2801 Cremonenst
996 2695 1137 2803 preele'o,
1169 2724 1192 2777 a
1221 2695 1362 2775 Vitellio

397 2826 602 2934 descffcunt.
651 2826 804 2906 Dictum
822 2855 951 2934 qnoque
963 2824 1009 2904 ab
1027 2825 1223 2905 Hordeonio
1242 2828 1278 2905 F
1279 2827 1361 2907 lac-

398 2986 436 3036 co
471 2957 671 3064 Vespastani
690 2961 970 3064 sacramentnm.
1038 2956 1215 3035 XXXII.
1261 2953 1358 3037 Tum

396 3092 597 3167 Montanus
621 3085 673 3165 ad
694 3084 844 3166 Civilem
861 3085 1033 3178 mittitur,
1063 3104 1104 3165 ut
1121 3115 1198 3166 eum
1221 3116 1245 3164 a
1273 3087 1360 3167 bello

396 3218 578 3304 retrahat.
636 3222 712 3325 Ipse
746 3220 976 3309 Montanum,
1016 3233 1191 3322 paratum
1225 3217 1263 3294 in
1300 3247 1360 3296 res

397 3377 521 3441 novas,
550 3347 601 3427 ad
610 3347 734 3428 bellurn
751 3347 911 3455 impellit.
959 3347 1148 3426 XXXIII.
1177 3349 1269 3426 Mox
1285 3347 1358 3424 ad-

396 3481 519 3558 versus
535 3480 699 3558 Voculam
717 3497 864 3586 partem
886 3476 1063 3584 copiarum
1077 3477 1201 3555 mittit.
1246 3480 1356 3555 Pra-

393 3611 444 3695 lia
477 3610 664 3687 Germanis
689 3607 818 3715 primo,
860 3608 938 3686 dein
975 3607 1142 3686 Romanis
1165 3609 1353 3715 prestera.

310 3757 315 3765 '
395 3740 569 3819 XXXV.
587 3740 715 3819 Vocula
730 3736 820 3817 mall
834 3737 953 3816 utitur
964 3736 1130 3816 viliarid.
1152 3738 1353 3819 XXXVI.

395 3868 524 3951 Civilis
544 3867 737 3948 Geldubam
755 3868 864 3976 capit.
909 3870 1011 3947 Inter
1030 3870 1202 3950 Romanos
1226 3865 1355 3974 dffcor·
