3000 5144
279 466 349 561 256
471 464 513 537 C.
555 464 818 537 Conunrtr
861 464 1059 548 Txcrrr

274 643 301 678 “
318 637 432 709 versus
449 639 642 727 Romanos,
669 666 730 735 pro
753 641 879 737 quibus
906 639 1032 712 totiens
1055 634 1247 711 bellassent.

273 761 301 796 “
319 758 446 850 Longa
469 777 574 853 atque
602 758 696 830 irriti
722 758 844 830 militiai
869 757 970 845 fellts,
996 755 1113 852 patriae
1141 775 1249 852 atque

271 878 298 914 ‘⁶
316 872 376 942 otii
396 875 593 969 cupidinem
612 879 690 948 else.
739 877 773 947 Si
790 901 895 949 nemo
912 875 1099 962 obsisteret,
1117 874 1246 948 innox-

271 996 298 1031 “
317 989 392 1062 ium
410 990 474 1064 iter
498 992 588 1065 fore:
617 996 664 1066 tin
692 1018 787 1066 arma
813 1014 1005 1083 occurrant,
1034 991 1125 1065 ferro
1153 991 1249 1065 viam

166 1112 169 1117 ’
272 1115 299 1150 “
318 1109 551 1183 inventuros.''
600 1111 831 1183 Cundtantem
844 1113 999 1207 legatum
1016 1110 1143 1183 milites
1162 1134 1240 1205 per·

270 1228 437 1323 pulerant,
468 1227 688 1300 “fortunam
712 1229 826 1323 proelii
859 1229 1107 1324 experiretur.”
1156 1226 1245 1301 Tria

268 1345 377 1417 millia
408 1345 691 1442 legionariorum,
728 1351 761 1418 δι
789 1347 1019 1419 tumultuariae
1054 1348 1243 1442 Belgarum

268 1465 438 1551 cohortes,
468 1465 566 1535 simul
601 1489 816 1561 paganorum
843 1465 1064 1560 lixarumque
1094 1464 1237 1561 ignava,

269 1580 326 1653 sed
344 1606 471 1678 procax
485 1602 564 1653 ante
583 1582 775 1676 periculum
787 1607 922 1670 manus,
948 1581 1110 1654 omnibus
1133 1579 1242 1676 portis

269 1719 466 1795 erumpunt,
492 1720 529 1771 ut
543 1702 686 1771 Batavos
702 1712 846 1771 nu'mero
865 1700 1011 1794 impares
1028 1696 1241 1771 circumfun-

266 1820 363 1891 dant.
412 1816 481 1905 Illi,
499 1837 628 1888 veteres
649 1816 793 1904 militiae,
817 1818 853 1888 in
874 1843 1000 1890 cuneos
1024 1841 1242 1913 congregan-

267 1958 335 2025 tur,
362 1938 455 2008 denfi
480 1934 651 2031 undique,
680 1940 712 2006 δι
732 1933 881 2007 frontem
906 1955 1070 2032 tergaque
1097 1937 1242 2007 aelatus

266 2055 342 2127 tuti.
391 2054 448 2127 Sic
480 2073 621 2125 tenuem
652 2052 848 2125 nostrorum
876 2053 984 2125 aciem
1015 2051 1239 2149 perfringunt.

266 2171 478 2244 Cedentibus
491 2170 617 2266 Belgis,
635 2170 772 2265 pellitur
788 2171 893 2268 legio,
914 2176 947 2243 dt
966 2172 1097 2243 vallum
1110 2167 1240 2267 portas·

267 2312 336 2384 que
353 2289 481 2382 trepidi
506 2289 679 2383 petebant.
729 2287 784 2360 lbi
806 2288 995 2383 plurimum
1013 2289 1118 2361 cladis
1134 2317 1153 2371 ε,
1175 2315 1239 2362 cu·

265 2406 405 2478 mulatae
437 2404 642 2500 corporibus
670 2405 788 2478 foffae:
821 2432 886 2479 nec
915 2408 1011 2479 caede
1038 2383 1174 2478 tantimi
1203 2408 1237 2477 δι

265 2522 479 2612 vulneribus,
502 2522 559 2596 sed
586 2522 695 2612 ruini,
722 2527 755 2594 tc
779 2524 843 2597 suis
872 2524 1025 2621 plerique
1047 2525 1122 2596 telis
1148 2524 1237 2597 inte·

263 2643 361 2715 fiere.
423 2640 590 2728 Vidores,
621 2641 759 2714 colonia
788 2641 1094 2739 Agrippinenfium
1118 2642 1234 2731 vitata,

263 2762 349 2834 nihil
367 2780 480 2835 cetero
504 2760 540 2832 in
564 2759 683 2833 itinere
700 2761 821 2833 hostile
837 2764 919 2850 aufi,
947 2759 1123 2833 Bonnense
1141 2786 1235 2856 proe·

262 2881 348 2952 lium
366 2877 595 2951 excusabant:
614 2900 793 2975 tamquam
812 2878 916 2973 petiti
933 2903 1030 2973 pace,
1050 2878 1235 2974 postquam

262 3001 464 3093 negabatur,
484 2997 615 3068 sibimet
630 2997 690 3091 ipsi
712 2995 965 3068 consuluiss'ent.

287 3118 387 3189 XXI.
412 3116 583 3201 C1v1n1s,
602 3115 752 3186 adventu
767 3136 1003 3185 veteranarum
1021 3117 1231 3207 cohortium,

255 3233 422 3331 justijam
446 3234 613 3305 exercitiis
634 3235 771 3321 dudtor,
791 3232 848 3304 sed
875 3232 1002 3304 consilii
1029 3235 1231 3330 ambiguus,

260 3353 386 3426 &vim
404 3357 606 3424 Romanam
624 3370 797 3446 reputans,
820 3353 961 3423 cundos
987 3351 1046 3446 qui
1072 3353 1228 3441 aderant,

258 3473 294 3544 in
317 3473 422 3542 verba
447 3468 636 3565 Vespaliani
665 3469 797 3566 adigit:
828 3468 1001 3562 mittitque
1027 3471 1158 3565 legatos
1187 3473 1231 3543 ad

259 3591 345 3660 duas
361 3588 527 3684 legiones,
558 3613 650 3683 quae,
676 3586 787 3682 priore
812 3587 884 3659 acie
912 3586 1030 3681 pulsae,
1058 3588 1093 3657 in
1117 3608 1232 3662 vetera

261 3707 366 3778 castra
388 3709 632 3793 concesserant,
653 3711 680 3746 “
698 3726 736 3776 ut
754 3704 846 3776 idem
863 3704 1112 3777 sacramentum
1137 3706 1227 3778 acci-

263 3831 290 3868 “
309 3825 463 3920 perent.’'
513 3822 684 3895 Redditur
700 3821 909 3918 responsum,
936 3830 962 3865 ‘⁶
981 3847 1094 3917 neque
1112 3825 1228 3918 prodi·
