<?xml version="1.0" encoding="UTF-8"?>
<!DOCTYPE html PUBLIC "-//W3C//DTD XHTML 1.0 Transitional//EN"
    "http://www.w3.org/TR/xhtml1/DTD/xhtml1-transitional.dtd">
<html xmlns="http://www.w3.org/1999/xhtml" xml:lang="en" lang="en">
 <head>
  <title>
</title>
<meta http-equiv="Content-Type" content="text/html;charset=utf-8" />
  <meta name='ocr-system' content='tesseract 3.04.00' />
  <meta name='ocr-capabilities' content='ocr_page ocr_carea ocr_par ocr_line ocrx_word'/>
</head>
<body>
  <div class='ocr_page' id='page_1' title='image "./ccorneliitaciti02ernegoog_0224.png"; bbox 0 0 3000 5144; ppageno 0'>
   <div class='ocr_carea' id='block_1_1' title="bbox 400 550 1232 650">
    <p class='ocr_par' dir='ltr' id='par_1_1' title="bbox 400 550 1232 650">
     <span class='ocr_line' id='line_1_1' title="bbox 400 550 1232 650; baseline -0.005 -25"><span class='ocrx_word' id='word_1_1' title='bbox 400 550 1038 625; x_wconf 75' lang='lat' dir='ltr'>HrsronranunLrn.IIl.</span> <span class='ocrx_word' id='word_1_2' title='bbox 1137 572 1232 650; x_wconf 82' lang='lat'>215.</span> 
     </span>
    </p>
   </div>
   <div class='ocr_carea' id='block_1_2' title="bbox 136 718 1233 4030">
    <p class='ocr_par' dir='ltr' id='par_1_2' title="bbox 136 718 1233 3429">
     <span class='ocr_line' id='line_1_2' title="bbox 233 718 1205 820; baseline 0.004 -30"><span class='ocrx_word' id='word_1_3' title='bbox 233 724 262 761; x_wconf 90' lang='lat'><strong>“</strong></span> <span class='ocrx_word' id='word_1_4' title='bbox 279 718 322 791; x_wconf 90' lang='lat' dir='ltr'>ris</span> <span class='ocrx_word' id='word_1_5' title='bbox 363 719 575 819; x_wconf 76' lang='lat' dir='ltr'>adversisque</span> <span class='ocrx_word' id='word_1_6' title='bbox 602 721 770 797; x_wconf 88' lang='lat' dir='ltr'>satiatum.</span> <span class='ocrx_word' id='word_1_7' title='bbox 820 724 885 797; x_wconf 90' lang='lat' dir='ltr'>Sed</span> <span class='ocrx_word' id='word_1_8' title='bbox 928 723 1023 820; x_wconf 92' lang='lat' dir='ltr'>quod</span> <span class='ocrx_word' id='word_1_9' title='bbox 1061 734 1205 811; x_wconf 86' lang='lat' dir='ltr'>nomen,</span> 
     </span>
     <span class='ocr_line' id='line_1_3' title="bbox 234 839 1206 937; baseline 0.004 -26"><span class='ocrx_word' id='word_1_10' title='bbox 234 844 262 879; x_wconf 89' lang='lat'><strong>“</strong></span> <span class='ocrx_word' id='word_1_11' title='bbox 280 863 386 934; x_wconf 89' lang='lat' dir='ltr'>quem</span> <span class='ocrx_word' id='word_1_12' title='bbox 409 839 532 913; x_wconf 87' lang='lat' dir='ltr'>statum</span> <span class='ocrx_word' id='word_1_13' title='bbox 551 841 623 914; x_wconf 88' lang='lat' dir='ltr'>lilio</span> <span class='ocrx_word' id='word_1_14' title='bbox 640 840 711 937; x_wconf 89' lang='lat' dir='ltr'>ejus</span> <span class='ocrx_word' id='word_1_15' title='bbox 725 843 933 916; x_wconf 88' lang='lat' dir='ltr'>Germanico</span> <span class='ocrx_word' id='word_1_16' title='bbox 952 842 1048 915; x_wconf 84' lang='lat' dir='ltr'>sore?</span> <span class='ocrx_word' id='word_1_17' title='bbox 1100 845 1206 915; x_wconf 90' lang='lat' dir='ltr'>Nune</span> 
     </span>
     <span class='ocr_line' id='line_1_4' title="bbox 233 957 1204 1058; baseline 0.005 -28"><span class='ocrx_word' id='word_1_18' title='bbox 233 963 261 999; x_wconf 92' lang='lat'><strong>“</strong></span> <span class='ocrx_word' id='word_1_19' title='bbox 280 957 476 1052; x_wconf 90' lang='lat' dir='ltr'>pecuniam,</span> <span class='ocrx_word' id='word_1_20' title='bbox 512 964 545 1032; x_wconf 72' lang='grc' dir='ltr'>δι</span> <span class='ocrx_word' id='word_1_21' title='bbox 576 958 755 1050; x_wconf 85' lang='lat' dir='ltr'>familiam,</span> <span class='ocrx_word' id='word_1_22' title='bbox 791 966 823 1035; x_wconf 75' lang='grc' dir='ltr'>δι</span> <span class='ocrx_word' id='word_1_23' title='bbox 859 965 974 1034; x_wconf 88' lang='lat' dir='ltr'>beatos</span> <span class='ocrx_word' id='word_1_24' title='bbox 1003 962 1204 1058; x_wconf 70' lang='lat' dir='ltr'>campaniae</span> 
     </span>
     <span class='ocr_line' id='line_1_5' title="bbox 231 1078 1204 1177; baseline 0.007 -30"><span class='ocrx_word' id='word_1_25' title='bbox 231 1082 259 1117; x_wconf 89' lang='lat'><strong>“</strong></span> <span class='ocrx_word' id='word_1_26' title='bbox 277 1078 366 1151; x_wconf 86' lang='lat' dir='ltr'>finus</span> <span class='ocrx_word' id='word_1_27' title='bbox 394 1078 573 1172; x_wconf 88' lang='lat' dir='ltr'>promitti:</span> <span class='ocrx_word' id='word_1_28' title='bbox 604 1078 662 1151; x_wconf 93' lang='lat' dir='ltr'>sed</span> <span class='ocrx_word' id='word_1_29' title='bbox 689 1079 749 1152; x_wconf 93' lang='lat' dir='ltr'>ubi</span> <span class='ocrx_word' id='word_1_30' title='bbox 773 1079 958 1176; x_wconf 88' lang='lat' dir='ltr'>imperium</span> <span class='ocrx_word' id='word_1_31' title='bbox 985 1079 1204 1177; x_wconf 74' lang='lat' dir='ltr'>Vespasianus</span> 
     </span>
     <span class='ocr_line' id='line_1_6' title="bbox 232 1193 1233 1293; baseline 0.006 -27"><span class='ocrx_word' id='word_1_32' title='bbox 232 1201 260 1237; x_wconf 92' lang='lat'><strong>“</strong></span> <span class='ocrx_word' id='word_1_33' title='bbox 280 1193 449 1283; x_wconf 84' lang='lat' dir='ltr'>invaserit,</span> <span class='ocrx_word' id='word_1_34' title='bbox 475 1221 546 1268; x_wconf 91' lang='lat' dir='ltr'>non</span> <span class='ocrx_word' id='word_1_35' title='bbox 571 1197 646 1293; x_wconf 75' lang='lat' dir='ltr'>ipss,</span> <span class='ocrx_word' id='word_1_36' title='bbox 674 1223 744 1271; x_wconf 91' lang='lat' dir='ltr'>non</span> <span class='ocrx_word' id='word_1_37' title='bbox 760 1198 879 1272; x_wconf 88' lang='lat' dir='ltr'>amicis</span> <span class='ocrx_word' id='word_1_38' title='bbox 898 1196 983 1293; x_wconf 89' lang='lat' dir='ltr'>ejus,</span> <span class='ocrx_word' id='word_1_39' title='bbox 1009 1225 1082 1271; x_wconf 90' lang='lat' dir='ltr'>non</span> <span class='ocrx_word' id='word_1_40' title='bbox 1106 1199 1233 1272; x_wconf 87' lang='lat' dir='ltr'>deni··</span> 
     </span>
     <span class='ocr_line' id='line_1_7' title="bbox 232 1312 1203 1408; baseline 0.008 -25"><span class='ocrx_word' id='word_1_41' title='bbox 232 1320 258 1355; x_wconf 92' lang='lat'><strong>“</strong></span> <span class='ocrx_word' id='word_1_42' title='bbox 278 1338 345 1408; x_wconf 91' lang='lat' dir='ltr'>que</span> <span class='ocrx_word' id='word_1_43' title='bbox 367 1313 574 1387; x_wconf 80' lang='lat' dir='ltr'>exercitibus</span> <span class='ocrx_word' id='word_1_44' title='bbox 592 1312 817 1406; x_wconf 81' lang='lat' dir='ltr'>securitatem,</span> <span class='ocrx_word' id='word_1_45' title='bbox 831 1317 890 1389; x_wconf 85' lang='lat' dir='ltr'>nisr</span> <span class='ocrx_word' id='word_1_46' title='bbox 907 1317 1078 1391; x_wconf 71' lang='lat' dir='ltr'>exstinslo</span> <span class='ocrx_word' id='word_1_47' title='bbox 1093 1344 1203 1391; x_wconf 83' lang='lat' dir='ltr'>aemu·</span> 
     </span>
     <span class='ocr_line' id='line_1_8' title="bbox 232 1431 1202 1532; baseline 0.007 -31"><span class='ocrx_word' id='word_1_48' title='bbox 232 1438 259 1472; x_wconf 90' lang='lat'>“</span> <span class='ocrx_word' id='word_1_49' title='bbox 279 1432 350 1503; x_wconf 91' lang='lat' dir='ltr'>latu</span> <span class='ocrx_word' id='word_1_50' title='bbox 366 1431 565 1504; x_wconf 85' lang='lat' dir='ltr'>redituram.</span> <span class='ocrx_word' id='word_1_51' title='bbox 617 1435 764 1508; x_wconf 84' lang='lat' dir='ltr'>Fabium</span> <span class='ocrx_word' id='word_1_52' title='bbox 788 1436 853 1509; x_wconf 89' lang='lat' dir='ltr'>illis</span> <span class='ocrx_word' id='word_1_53' title='bbox 871 1439 1067 1525; x_wconf 86' lang='lat' dir='ltr'>Valentem,</span> <span class='ocrx_word' id='word_1_54' title='bbox 1094 1436 1202 1532; x_wconf 83' lang='lat' dir='ltr'>capti.-</span> 
     </span>
     <span class='ocr_line' id='line_1_9' title="bbox 230 1553 1202 1651; baseline 0.007 -30"><span class='ocrx_word' id='word_1_55' title='bbox 230 1555 259 1592; x_wconf 91' lang='lat'><strong>“</strong></span> <span class='ocrx_word' id='word_1_56' title='bbox 277 1575 362 1622; x_wconf 86' lang='lat' dir='ltr'>vum</span> <span class='ocrx_word' id='word_1_57' title='bbox 388 1553 422 1622; x_wconf 84' lang='lat'>&amp;</span> <span class='ocrx_word' id='word_1_58' title='bbox 450 1554 580 1626; x_wconf 81' lang='lat' dir='ltr'>cafibus</span> <span class='ocrx_word' id='word_1_59' title='bbox 609 1553 723 1625; x_wconf 89' lang='lat' dir='ltr'>dubiis</span> <span class='ocrx_word' id='word_1_60' title='bbox 746 1555 966 1645; x_wconf 89' lang='lat' dir='ltr'>reservatum,</span> <span class='ocrx_word' id='word_1_61' title='bbox 990 1579 1202 1651; x_wconf 74' lang='lat' dir='ltr'>praegravem</span> 
     </span>
     <span class='ocr_line' id='line_1_10' title="bbox 233 1668 1201 1768; baseline 0.005 -28"><span class='ocrx_word' id='word_1_62' title='bbox 233 1676 259 1713; x_wconf 90' lang='lat'><strong>“</strong></span> <span class='ocrx_word' id='word_1_63' title='bbox 278 1668 388 1758; x_wconf 84' lang='lat' dir='ltr'>fuiffe,</span> <span class='ocrx_word' id='word_1_64' title='bbox 415 1672 545 1742; x_wconf 91' lang='lat' dir='ltr'>nedum</span> <span class='ocrx_word' id='word_1_65' title='bbox 569 1671 703 1744; x_wconf 87' lang='lat' dir='ltr'>Primus</span> <span class='ocrx_word' id='word_1_66' title='bbox 728 1699 768 1745; x_wconf 90' lang='lat' dir='ltr'>ac</span> <span class='ocrx_word' id='word_1_67' title='bbox 795 1674 936 1763; x_wconf 87' lang='lat' dir='ltr'>Fuscus,</span> <span class='ocrx_word' id='word_1_68' title='bbox 966 1678 998 1746; x_wconf 74' lang='grc' dir='ltr'>δι</span> <span class='ocrx_word' id='word_1_69' title='bbox 1029 1672 1201 1768; x_wconf 88' lang='lat' dir='ltr'>specimen</span> 
     </span>
     <span class='ocr_line' id='line_1_11' title="bbox 136 1787 1200 1884; baseline 0.004 -23"><span class='ocrx_word' id='word_1_70' title='bbox 136 1856 140 1861; x_wconf 89' lang='lat'>.</span> <span class='ocrx_word' id='word_1_71' title='bbox 231 1795 258 1831; x_wconf 78' lang='lat'>‘⁶</span> <span class='ocrx_word' id='word_1_72' title='bbox 279 1787 428 1884; x_wconf 91' lang='lat' dir='ltr'>partium</span> <span class='ocrx_word' id='word_1_73' title='bbox 444 1789 647 1879; x_wconf 87' lang='lat' dir='ltr'>Mucianus,</span> <span class='ocrx_word' id='word_1_74' title='bbox 672 1792 780 1865; x_wconf 92' lang='lat' dir='ltr'>ullam</span> <span class='ocrx_word' id='word_1_75' title='bbox 797 1792 833 1865; x_wconf 89' lang='lat' dir='ltr'>in</span> <span class='ocrx_word' id='word_1_76' title='bbox 844 1792 1039 1882; x_wconf 91' lang='lat' dir='ltr'>Vitellium,</span> <span class='ocrx_word' id='word_1_77' title='bbox 1066 1791 1125 1865; x_wconf 89' lang='lat' dir='ltr'>nisi</span> <span class='ocrx_word' id='word_1_78' title='bbox 1141 1817 1200 1865; x_wconf 92' lang='lat' dir='ltr'>oc·</span> 
     </span>
     <span class='ocr_line' id='line_1_12' title="bbox 230 1906 1200 1998; baseline 0.005 -19"><span class='ocrx_word' id='word_1_79' title='bbox 230 1913 257 1949; x_wconf 90' lang='lat'><strong>“</strong></span> <span class='ocrx_word' id='word_1_80' title='bbox 276 1906 431 1998; x_wconf 89' lang='lat' dir='ltr'>cidendi,</span> <span class='ocrx_word' id='word_1_81' title='bbox 476 1906 649 1981; x_wconf 88' lang='lat' dir='ltr'>licentiam</span> <span class='ocrx_word' id='word_1_82' title='bbox 682 1911 840 1983; x_wconf 88' lang='lat' dir='ltr'>habeant.</span> <span class='ocrx_word' id='word_1_83' title='bbox 904 1913 990 1983; x_wconf 91' lang='lat' dir='ltr'>Non</span> <span class='ocrx_word' id='word_1_84' title='bbox 1021 1937 1042 1984; x_wconf 93' lang='lat' dir='ltr'>a</span> <span class='ocrx_word' id='word_1_85' title='bbox 1070 1910 1200 1984; x_wconf 75' lang='lat' dir='ltr'>Caesare</span> 
     </span>
     <span class='ocr_line' id='line_1_13' title="bbox 230 2005 1198 2125; baseline 0.004 -28"><span class='ocrx_word' id='word_1_86' title='bbox 230 2032 257 2068; x_wconf 89' lang='lat'><strong>“</strong></span> <span class='ocrx_word' id='word_1_87' title='bbox 276 2025 497 2121; x_wconf 90' lang='lat' dir='ltr'>Pompeium,</span> <span class='ocrx_word' id='word_1_88' title='bbox 523 2052 593 2099; x_wconf 91' lang='lat' dir='ltr'>non</span> <span class='ocrx_word' id='word_1_89' title='bbox 610 2005 655 2100; x_wconf 85' lang='lat' dir='ltr'>ab</span> <span class='ocrx_word' id='word_1_90' title='bbox 672 2029 835 2125; x_wconf 89' lang='lat' dir='ltr'>Augusto</span> <span class='ocrx_word' id='word_1_91' title='bbox 853 2027 1050 2101; x_wconf 91' lang='lat' dir='ltr'>Antonium</span> <span class='ocrx_word' id='word_1_92' title='bbox 1066 2028 1198 2101; x_wconf 86' lang='lat' dir='ltr'>incoln-</span> 
     </span>
     <span class='ocr_line' id='line_1_14' title="bbox 229 2145 1198 2244; baseline 0.003 -28"><span class='ocrx_word' id='word_1_93' title='bbox 229 2151 256 2187; x_wconf 90' lang='lat'>“</span> <span class='ocrx_word' id='word_1_94' title='bbox 274 2169 347 2216; x_wconf 89' lang='lat' dir='ltr'>mes</span> <span class='ocrx_word' id='word_1_95' title='bbox 371 2145 530 2218; x_wconf 71' lang='lat' dir='ltr'>relictos:</span> <span class='ocrx_word' id='word_1_96' title='bbox 554 2145 613 2218; x_wconf 85' lang='lat' dir='ltr'>nifi</span> <span class='ocrx_word' id='word_1_97' title='bbox 631 2146 720 2218; x_wconf 68' lang='lat' dir='ltr'>sorte</span> <span class='ocrx_word' id='word_1_98' title='bbox 737 2145 956 2244; x_wconf 74' lang='lat' dir='ltr'>Vespasianus</span> <span class='ocrx_word' id='word_1_99' title='bbox 973 2147 1109 2221; x_wconf 87' lang='lat' dir='ltr'>altiores</span> <span class='ocrx_word' id='word_1_100' title='bbox 1129 2146 1198 2244; x_wconf 85' lang='lat' dir='ltr'>spi·</span> 
     </span>
     <span class='ocr_line' id='line_1_15' title="bbox 229 2262 1200 2363; baseline 0.003 -27"><span class='ocrx_word' id='word_1_101' title='bbox 229 2270 257 2305; x_wconf 92' lang='lat'><strong>“</strong></span> <span class='ocrx_word' id='word_1_102' title='bbox 275 2263 357 2337; x_wconf 88' lang='lat' dir='ltr'>ritus</span> <span class='ocrx_word' id='word_1_103' title='bbox 377 2283 486 2360; x_wconf 85' lang='lat' dir='ltr'>gerat,</span> <span class='ocrx_word' id='word_1_104' title='bbox 500 2262 628 2337; x_wconf 90' lang='lat' dir='ltr'>Vitellii</span> <span class='ocrx_word' id='word_1_105' title='bbox 645 2263 765 2354; x_wconf 88' lang='lat' dir='ltr'>cliens,</span> <span class='ocrx_word' id='word_1_106' title='bbox 791 2267 873 2338; x_wconf 80' lang='lat' dir='ltr'>cirtn</span> <span class='ocrx_word' id='word_1_107' title='bbox 890 2265 1047 2338; x_wconf 85' lang='lat' dir='ltr'>Vitellius</span> <span class='ocrx_word' id='word_1_108' title='bbox 1064 2267 1200 2363; x_wconf 85' lang='lat' dir='ltr'>collega</span> 
     </span>
     <span class='ocr_line' id='line_1_16' title="bbox 228 2381 1198 2482; baseline 0.003 -29"><span class='ocrx_word' id='word_1_109' title='bbox 228 2389 255 2425; x_wconf 78' lang='lat'>‘⁶</span> <span class='ocrx_word' id='word_1_110' title='bbox 273 2382 421 2455; x_wconf 88' lang='lat' dir='ltr'>Claudio</span> <span class='ocrx_word' id='word_1_111' title='bbox 437 2381 534 2456; x_wconf 88' lang='lat' dir='ltr'>soret.</span> <span class='ocrx_word' id='word_1_112' title='bbox 583 2381 693 2477; x_wconf 81' lang='lat' dir='ltr'>Qrin,</span> <span class='ocrx_word' id='word_1_113' title='bbox 709 2404 746 2455; x_wconf 92' lang='lat' dir='ltr'>ut</span> <span class='ocrx_word' id='word_1_114' title='bbox 763 2382 937 2457; x_wconf 89' lang='lat' dir='ltr'>censuram</span> <span class='ocrx_word' id='word_1_115' title='bbox 954 2385 1069 2482; x_wconf 87' lang='lat' dir='ltr'>patris,</span> <span class='ocrx_word' id='word_1_116' title='bbox 1083 2406 1120 2457; x_wconf 91' lang='lat' dir='ltr'>ut</span> <span class='ocrx_word' id='word_1_117' title='bbox 1133 2406 1198 2457; x_wconf 90' lang='lat' dir='ltr'>tres</span> 
     </span>
     <span class='ocr_line' id='line_1_17' title="bbox 229 2499 1198 2599; baseline 0.003 -26"><span class='ocrx_word' id='word_1_118' title='bbox 229 2507 257 2542; x_wconf 88' lang='lat'><strong>“</strong></span> <span class='ocrx_word' id='word_1_119' title='bbox 275 2499 482 2589; x_wconf 91' lang='lat' dir='ltr'>consulatus,</span> <span class='ocrx_word' id='word_1_120' title='bbox 500 2518 538 2572; x_wconf 90' lang='lat' dir='ltr'>ut</span> <span class='ocrx_word' id='word_1_121' title='bbox 556 2520 607 2574; x_wconf 95' lang='lat' dir='ltr'>tot</span> <span class='ocrx_word' id='word_1_122' title='bbox 623 2501 772 2599; x_wconf 77' lang='lat' dir='ltr'>egregiae</span> <span class='ocrx_word' id='word_1_123' title='bbox 789 2502 917 2575; x_wconf 74' lang='lat' dir='ltr'>domus</span> <span class='ocrx_word' id='word_1_124' title='bbox 934 2505 1081 2576; x_wconf 88' lang='lat' dir='ltr'>honores</span> <span class='ocrx_word' id='word_1_125' title='bbox 1097 2503 1198 2576; x_wconf 88' lang='lat' dir='ltr'>dece·</span> 
     </span>
     <span class='ocr_line' id='line_1_18' title="bbox 185 2617 1198 2718; baseline 0.003 -27"><span class='ocrx_word' id='word_1_126' title='bbox 185 2658 188 2668; x_wconf 94' lang='lat'><em>·</em></span> <span class='ocrx_word' id='word_1_127' title='bbox 228 2626 256 2662; x_wconf 85' lang='lat'><strong>“</strong></span> <span class='ocrx_word' id='word_1_128' title='bbox 273 2639 338 2708; x_wconf 90' lang='lat' dir='ltr'>ret,</span> <span class='ocrx_word' id='word_1_129' title='bbox 363 2617 599 2715; x_wconf 88' lang='lat' dir='ltr'>desperatione</span> <span class='ocrx_word' id='word_1_130' title='bbox 614 2618 732 2693; x_wconf 87' lang='lat' dir='ltr'>saltem</span> <span class='ocrx_word' id='word_1_131' title='bbox 756 2619 792 2692; x_wconf 90' lang='lat' dir='ltr'>in</span> <span class='ocrx_word' id='word_1_132' title='bbox 808 2621 986 2694; x_wconf 88' lang='lat' dir='ltr'>audaciam</span> <span class='ocrx_word' id='word_1_133' title='bbox 1003 2621 1198 2718; x_wconf 86' lang='lat' dir='ltr'>accingere·</span> 
     </span>
     <span class='ocr_line' id='line_1_19' title="bbox 229 2737 1197 2835; baseline 0.001 -26"><span class='ocrx_word' id='word_1_134' title='bbox 229 2745 256 2785; x_wconf 89' lang='lat'><strong><em>“</em></strong></span> <span class='ocrx_word' id='word_1_135' title='bbox 274 2757 351 2810; x_wconf 90' lang='lat' dir='ltr'>tur:</span> <span class='ocrx_word' id='word_1_136' title='bbox 380 2737 526 2834; x_wconf 76' lang='lat' dir='ltr'>perstare</span> <span class='ocrx_word' id='word_1_137' title='bbox 550 2738 711 2829; x_wconf 89' lang='lat' dir='ltr'>militem,</span> <span class='ocrx_word' id='word_1_138' title='bbox 735 2738 902 2835; x_wconf 77' lang='lat' dir='ltr'>superesse</span> <span class='ocrx_word' id='word_1_139' title='bbox 928 2738 1039 2812; x_wconf 90' lang='lat' dir='ltr'>studia</span> <span class='ocrx_word' id='word_1_140' title='bbox 1064 2739 1197 2835; x_wconf 91' lang='lat' dir='ltr'>populi.</span> 
     </span>
     <span class='ocr_line' id='line_1_20' title="bbox 228 2855 1197 2955; baseline 0.003 -26"><span class='ocrx_word' id='word_1_141' title='bbox 228 2856 436 2953; x_wconf 91' lang='lat' dir='ltr'>“Denique</span> <span class='ocrx_word' id='word_1_142' title='bbox 470 2855 558 2928; x_wconf 91' lang='lat' dir='ltr'>nihil</span> <span class='ocrx_word' id='word_1_143' title='bbox 592 2857 739 2930; x_wconf 91' lang='lat' dir='ltr'>atrocius</span> <span class='ocrx_word' id='word_1_144' title='bbox 767 2871 984 2944; x_wconf 88' lang='lat' dir='ltr'>eventurum,</span> <span class='ocrx_word' id='word_1_145' title='bbox 1021 2859 1127 2955; x_wconf 78' lang='lat' dir='ltr'>quim</span> <span class='ocrx_word' id='word_1_146' title='bbox 1159 2858 1197 2932; x_wconf 91' lang='lat' dir='ltr'>in</span> 
     </span>
     <span class='ocr_line' id='line_1_21' title="bbox 228 2974 1196 3072; baseline 0 -23"><span class='ocrx_word' id='word_1_147' title='bbox 228 2983 255 3018; x_wconf 93' lang='lat'><strong>“</strong></span> <span class='ocrx_word' id='word_1_148' title='bbox 274 2977 370 3072; x_wconf 85' lang='lat' dir='ltr'>quod</span> <span class='ocrx_word' id='word_1_149' title='bbox 404 2974 523 3072; x_wconf 91' lang='lat' dir='ltr'>sponte</span> <span class='ocrx_word' id='word_1_150' title='bbox 548 2995 670 3048; x_wconf 91' lang='lat' dir='ltr'>ruant:</span> <span class='ocrx_word' id='word_1_151' title='bbox 703 2975 923 3049; x_wconf 90' lang='lat' dir='ltr'>moriendum</span> <span class='ocrx_word' id='word_1_152' title='bbox 956 2976 1066 3064; x_wconf 77' lang='lat' dir='ltr'>vietis,</span> <span class='ocrx_word' id='word_1_153' title='bbox 1090 2977 1196 3049; x_wconf 91' lang='lat' dir='ltr'>mori-</span> 
     </span>
     <span class='ocr_line' id='line_1_22' title="bbox 228 3093 1197 3183; baseline 0.003 -16"><span class='ocrx_word' id='word_1_154' title='bbox 228 3096 406 3168; x_wconf 89' lang='lat' dir='ltr'>“endum</span> <span class='ocrx_word' id='word_1_155' title='bbox 435 3094 582 3168; x_wconf 89' lang='lat' dir='ltr'>deditis:</span> <span class='ocrx_word' id='word_1_156' title='bbox 618 3093 654 3166; x_wconf 94' lang='lat' dir='ltr'>id</span> <span class='ocrx_word' id='word_1_157' title='bbox 676 3094 787 3169; x_wconf 89' lang='lat' dir='ltr'>solum</span> <span class='ocrx_word' id='word_1_158' title='bbox 813 3093 949 3183; x_wconf 89' lang='lat' dir='ltr'>referre,</span> <span class='ocrx_word' id='word_1_159' title='bbox 978 3097 1197 3170; x_wconf 77' lang='lat' dir='ltr'>novissimum</span> 
     </span>
     <span class='ocr_line' id='line_1_23' title="bbox 226 3212 1195 3309; baseline 0 -24"><span class='ocrx_word' id='word_1_160' title='bbox 226 3212 428 3309; x_wconf 89' lang='lat' dir='ltr'>“spiritum</span> <span class='ocrx_word' id='word_1_161' title='bbox 457 3239 518 3309; x_wconf 91' lang='lat' dir='ltr'>per</span> <span class='ocrx_word' id='word_1_162' title='bbox 547 3212 746 3302; x_wconf 90' lang='lat' dir='ltr'>ludibrium,</span> <span class='ocrx_word' id='word_1_163' title='bbox 779 3215 1060 3286; x_wconf 87' lang='lat' dir='ltr'>&amp;contumelias</span> <span class='ocrx_word' id='word_1_164' title='bbox 1084 3213 1195 3287; x_wconf 84' lang='lat' dir='ltr'>effun-</span> 
     </span>
     <span class='ocr_line' id='line_1_24' title="bbox 225 3333 729 3429; baseline -0.004 -22"><span class='ocrx_word' id='word_1_165' title='bbox 225 3340 253 3376; x_wconf 89' lang='lat'><strong><em>“</em></strong></span> <span class='ocrx_word' id='word_1_166' title='bbox 270 3335 367 3421; x_wconf 90' lang='lat' dir='ltr'>dant,</span> <span class='ocrx_word' id='word_1_167' title='bbox 385 3358 430 3404; x_wconf 89' lang='lat' dir='ltr'>an</span> <span class='ocrx_word' id='word_1_168' title='bbox 448 3359 509 3429; x_wconf 90' lang='lat' dir='ltr'>per</span> <span class='ocrx_word' id='word_1_169' title='bbox 525 3333 729 3407; x_wconf 85' lang='lat' dir='ltr'>virtutem.&#39;&#39;</span> 
     </span>
    </p>

    <p class='ocr_par' dir='ltr' id='par_1_3' title="bbox 222 3449 1197 4030">
     <span class='ocr_line' id='line_1_25' title="bbox 272 3449 1195 3526; baseline 0.001 -3"><span class='ocrx_word' id='word_1_170' title='bbox 272 3453 424 3525; x_wconf 88' lang='lat' dir='ltr'>LXVll.</span> <span class='ocrx_word' id='word_1_171' title='bbox 450 3455 592 3526; x_wconf 74' lang='lat' dir='ltr'>Sunnrrs</span> <span class='ocrx_word' id='word_1_172' title='bbox 619 3452 664 3524; x_wconf 91' lang='lat' dir='ltr'>ad</span> <span class='ocrx_word' id='word_1_173' title='bbox 690 3450 791 3525; x_wconf 88' lang='lat' dir='ltr'>sortia</span> <span class='ocrx_word' id='word_1_174' title='bbox 818 3450 957 3524; x_wconf 73' lang='lat' dir='ltr'>consilia</span> <span class='ocrx_word' id='word_1_175' title='bbox 973 3449 1114 3524; x_wconf 91' lang='lat' dir='ltr'>Vitellio</span> <span class='ocrx_word' id='word_1_176' title='bbox 1129 3475 1195 3525; x_wconf 80' lang='lat' dir='ltr'>au-</span> 
     </span>
     <span class='ocr_line' id='line_1_26' title="bbox 224 3567 1196 3666; baseline -0.001 -21"><span class='ocrx_word' id='word_1_177' title='bbox 224 3596 289 3645; x_wconf 88' lang='lat' dir='ltr'>res.</span> <span class='ocrx_word' id='word_1_178' title='bbox 338 3573 559 3644; x_wconf 87' lang='lat' dir='ltr'>Obruebatur</span> <span class='ocrx_word' id='word_1_179' title='bbox 575 3571 709 3644; x_wconf 85' lang='lat' dir='ltr'>animus</span> <span class='ocrx_word' id='word_1_180' title='bbox 734 3567 945 3643; x_wconf 89' lang='lat' dir='ltr'>miseratione</span> <span class='ocrx_word' id='word_1_181' title='bbox 962 3571 1125 3666; x_wconf 65' lang='lat' dir='ltr'>eurique,</span> <span class='ocrx_word' id='word_1_182' title='bbox 1153 3596 1196 3644; x_wconf 88' lang='lat' dir='ltr'>ne</span> 
     </span>
     <span class='ocr_line' id='line_1_27' title="bbox 222 3688 1195 3788; baseline 0 -27"><span class='ocrx_word' id='word_1_183' title='bbox 222 3689 451 3788; x_wconf 86' lang='lat' dir='ltr'>pertinacibus</span> <span class='ocrx_word' id='word_1_184' title='bbox 468 3689 583 3781; x_wconf 75' lang='lat' dir='ltr'>armis,</span> <span class='ocrx_word' id='word_1_185' title='bbox 603 3690 717 3762; x_wconf 76' lang='lat' dir='ltr'>mimis</span> <span class='ocrx_word' id='word_1_186' title='bbox 739 3688 941 3785; x_wconf 92' lang='lat' dir='ltr'>placabilem</span> <span class='ocrx_word' id='word_1_187' title='bbox 959 3688 1125 3761; x_wconf 70' lang='lat' dir='ltr'>nidorem</span> <span class='ocrx_word' id='word_1_188' title='bbox 1143 3715 1195 3766; x_wconf 83' lang='lat' dir='ltr'>re·</span> 
     </span>
     <span class='ocr_line' id='line_1_28' title="bbox 226 3805 1197 3907; baseline 0 -26"><span class='ocrx_word' id='word_1_189' title='bbox 226 3809 396 3905; x_wconf 90' lang='lat' dir='ltr'>linqueret</span> <span class='ocrx_word' id='word_1_190' title='bbox 428 3808 567 3907; x_wconf 81' lang='lat' dir='ltr'>conjugi</span> <span class='ocrx_word' id='word_1_191' title='bbox 600 3836 639 3882; x_wconf 91' lang='lat' dir='ltr'>ac</span> <span class='ocrx_word' id='word_1_192' title='bbox 671 3809 794 3882; x_wconf 88' lang='lat' dir='ltr'>liberis.</span> <span class='ocrx_word' id='word_1_193' title='bbox 857 3809 940 3880; x_wconf 89' lang='lat' dir='ltr'>Erat</span> <span class='ocrx_word' id='word_1_194' title='bbox 975 3805 1083 3885; x_wconf 83' lang='lat' dir='ltr'>illi&amp;</span> <span class='ocrx_word' id='word_1_195' title='bbox 1115 3807 1197 3881; x_wconf 84' lang='lat' dir='ltr'>sessa</span> 
     </span>
     <span class='ocr_line' id='line_1_29' title="bbox 224 3923 1194 4030; baseline -0.004 -26"><span class='ocrx_word' id='word_1_196' title='bbox 224 3946 326 4004; x_wconf 77' lang='lat' dir='ltr'>aetate</span> <span class='ocrx_word' id='word_1_197' title='bbox 353 3953 491 4027; x_wconf 88' lang='lat' dir='ltr'>parens,</span> <span class='ocrx_word' id='word_1_198' title='bbox 515 3954 592 4028; x_wconf 88' lang='lat' dir='ltr'>quae</span> <span class='ocrx_word' id='word_1_199' title='bbox 620 3949 736 4003; x_wconf 89' lang='lat' dir='ltr'>tamen</span> <span class='ocrx_word' id='word_1_200' title='bbox 754 3924 872 4026; x_wconf 90' lang='lat' dir='ltr'>paucis</span> <span class='ocrx_word' id='word_1_201' title='bbox 894 3923 1116 4015; x_wconf 64' lang='lat' dir='ltr'>antediebus</span> <span class='ocrx_word' id='word_1_202' title='bbox 1132 3952 1194 4030; x_wconf 90' lang='lat' dir='ltr'>op·</span> 
     </span>
    </p>
   </div>
   <div class='ocr_carea' id='block_1_3' title="bbox 0 0 1504 5144">
    <p class='ocr_par' dir='ltr' id='par_1_4' title="bbox 0 0 1504 5144">
     <span class='ocr_line' id='line_1_30' title="bbox 0 0 1504 5144; baseline 0 3"><span class='ocrx_word' id='word_1_203' title='bbox 0 0 1504 5144; x_wconf 95' lang='lat' dir='ltr'> </span> 
     </span>
    </p>
   </div>
  </div>
 </body>
</html>
