3000 5144
280 599 347 667 268
506 593 1075 669 CConnnrrtTncm

277 766 362 837 lium
393 762 591 862 sumpsdre:
628 794 709 840 nam
743 769 862 841 Civilis
890 771 1006 842 aderat
1035 794 1105 841 non
1135 768 1252 843 minias

273 884 362 955 vitiis
385 885 548 974 hostium,
567 887 673 982 quiam
691 887 815 959 virtute
833 886 973 960 suorum
989 886 1104 960 fretus.
1146 888 1252 961 Varia

272 1005 367 1098 apud
384 1007 563 1077 Romanos
584 1004 734 1094 fortuna,
763 1010 795 1076 a
812 1004 1071 1078 seditiosrffimus
1101 1006 1248 1104 quisque

271 1120 442 1217 ignavus:
474 1122 617 1219 quidam
635 1123 776 1196 retentis
792 1124 945 1197 vidoriae
958 1150 1141 1213 memores,
1167 1125 1248 1198 reti·

273 1265 352 1312 nere
370 1242 500 1328 locum,
519 1240 615 1314 ferire
627 1243 775 1330 hostem,
793 1242 895 1340 seque
913 1249 946 1316 &
965 1246 1143 1341 proximos
1162 1246 1246 1315 hor·

272 1359 359 1430 tari:
386 1365 419 1432 8<
437 1358 666 1456 redintegrata
683 1360 769 1449 acie,
797 1387 921 1434 manus
937 1363 982 1434 ad
1005 1361 1153 1436 obsessos
1169 1382 1247 1436 ten-

271 1480 367 1567 dere,
391 1486 418 1521 “
436 1504 479 1549 ne
496 1479 646 1574 tempori
663 1481 848 1552 deeffent.”
897 1479 966 1569 Illi,
993 1482 1150 1554 cundhae
1166 1508 1247 1555 mu·

270 1596 316 1669 ris
350 1618 537 1685 cernentes,
571 1598 734 1672 omnibus
760 1599 866 1695 portis
895 1619 1137 1695 prorumpunt.
1187 1605 1246 1675 Ac

269 1715 356 1789 fort&
394 1716 513 1788 Civilis
539 1716 633 1813 lapsu
662 1718 741 1814 equi
776 1717 973 1813 prostratus,
1015 1718 1145 1790 credita
1182 1744 1246 1815 per

271 1856 457 1932 utrumque
474 1835 663 1908 exercitum
688 1835 792 1925 fama,
824 1839 1085 1909 “vulneratum
1107 1856 1165 1910 aut
1188 1838 1243 1910 in-

269 1962 297 1997 “
316 1953 535 2043 terfedum,'’
560 1954 711 2026 immane
738 1973 906 2051 quantum
930 1953 997 2027 suis
1021 1956 1173 2052 pavoris,
1207 1959 1244 2031 δε

269 2074 420 2147 hostibus
437 2073 616 2146 alacritatis
633 2073 771 2145 indidit.

316 2193 470 2264 XXXV.
495 2194 569 2264 san
587 2192 734 2280 Vocula,
757 2191 880 2264 omissis
898 2191 1107 2289 fugientium
1122 2195 1242 2293 tergis,

268 2310 398 2382 vallum
433 2307 608 2406 turresque
647 2310 833 2382 castrorum
861 2314 1022 2408 augebat,
1059 2332 1243 2410 tamquam

269 2427 381 2499 rursus
399 2427 571 2499 obsidium
589 2427 808 2500 immineret:
836 2432 997 2525 corrupta
1018 2430 1143 2503 totiens
1165 2432 1240 2505 vic-

268 2547 368 2634 toria,
403 2573 472 2618 non
502 2545 587 2618 falso
613 2545 783 2643 suspedtus
819 2550 949 2620 bellum
976 2550 1089 2621 malle.
1139 2551 1241 2625 Nihil

265 2668 366 2765 aequ&
398 2665 567 2739 exercitus
595 2666 740 2756 nostros,
772 2667 880 2762 quam
908 2666 1036 2762 egestas
1060 2669 1239 2764 copiarum

263 2786 440 2883 fatigabat.
495 2785 748 2882 Impedimenta
783 2785 960 2882 legionum
990 2812 1071 2859 cum
1101 2787 1240 2865 imbelli

264 2910 364 2978 turba
392 2907 585 2978 Novesrum
610 2905 719 2992 miffa,
754 2925 792 2975 ut
818 2904 912 2992 inde,
937 2905 1081 2977 terrestri
1103 2905 1237 2998 itinere,

264 3026 479 3098 frumentum
496 3025 716 3094 adveherent.
765 3026 859 3094 Nam
878 3023 1022 3094 flumine
1044 3026 1154 3098 hostes
1172 3053 1237 3122 po-

263 3146 444 3216 tiebantur.
494 3142 649 3214 Primum
666 3167 793 3237 agmen
807 3142 962 3215 securum
981 3143 1121 3233 inceffit,
1150 3171 1238 3217 non·

262 3265 349 3335 dum
367 3256 442 3333 satis
461 3264 562 3332 firmo
580 3261 716 3333 Civile:
748 3262 823 3359 qui,
849 3262 909 3335 ubi
941 3270 968 3304 “
989 3262 1098 3335 rursus
1118 3264 1236 3338 missos

262 3389 288 3421 “
308 3384 497 3452 Novefium
510 3379 785 3469 frumentatoreS,
810 3381 972 3477 datasque
989 3383 1023 3453 in
1042 3383 1236 3477 praefidium

262 3507 289 3540 “
308 3501 477 3585 cohortes,
504 3501 597 3571 velut
627 3501 735 3572 multa
765 3525 861 3595 pace,
888 3500 1043 3596 ingredi’'
1071 3502 1231 3596 accepit:

261 3643 377 3689 rarum
409 3618 502 3711 apud
537 3621 630 3714 figna
660 3619 820 3706 militem,
859 3646 953 3691 arma
980 3620 1015 3690 in
1053 3620 1234 3711 vehiculiS,

261 3739 403 3807 cundos
420 3736 553 3808 licentia
571 3763 694 3833 vagos,
725 3742 931 3832 compotitus
954 3739 1110 3810 invadit:
1144 3766 1231 3834 prae·

261 3853 375 3938 misus,
408 3853 467 3948 qui
494 3875 614 3948 pontes
649 3860 681 3926 ἃ
713 3856 845 3929 viarum
873 3857 1014 3953 angusta
1039 3857 1232 3930 insiderent.

259 3972 457 4065 Pugnatum
485 3972 592 4070 longo
619 3975 770 4071 agmine,
801 3976 988 4049 &incerto
1005 3979 1137 4067 Marte,
1166 3978 1232 4050 do·
