3000 5144
442 521 839 596 Hrsronrnnuru
876 525 1072 599 Lrn.lll.
1175 533 1240 627 189

277 692 490 768 intentabant
508 696 592 769 isius
608 725 616 768 :
637 723 722 771 mox
738 718 776 770 ut
788 699 928 795 praeberi
940 725 1000 773 ora
1012 703 1241 792 contumeliis,

277 816 325 900 ὅτ,
355 817 462 909 ροῦῑὲ
483 815 578 887 omni
604 814 740 904 serocial,
766 821 890 890 cunsta
912 818 994 890 vieti
1012 819 1240 915 patiebantur,

274 927 362 1003 subit
389 933 594 1020 recordatio,
633 933 708 1009 illos
748 938 826 1024 effe,
861 936 921 1032 qui
951 962 1060 1032 nuper
1087 937 1242 1010 Bebriaci

273 1048 423 1121 vistoriae
444 1053 690 1148 temperassent.
739 1055 805 1125 Sed
824 1054 883 1126 ubi
900 1054 1051 1143 Caecina,
1077 1059 1242 1150 praetextffa

273 1166 515 1266 littoribusque
544 1169 696 1268 infignis,
733 1172 863 1243 dimots
892 1174 1004 1254 turbas,
1042 1171 1159 1244 consul
1187 1172 1239 1243 in-

273 1290 379 1376 cessit,
404 1291 557 1361 exarsere
580 1290 748 1361 vidores:
783 1298 809 1332 “
827 1290 1032 1388 superbiam,
1059 1287 1240 1362 saevitiam-

273 1412 300 1446 “
318 1409 410 1500 que''
436 1409 541 1502 (adei)
559 1408 666 1481 invisa
675 1408 799 1481 scelera
815 1408 909 1502 sunt)
933 1408 1035 1480 etiam
1054 1414 1080 1449 “
1100 1407 1239 1504 perfidi·

274 1529 302 1566 “
320 1527 417 1612 am,''
439 1525 670 1623 objeslabant.
719 1527 860 1600 Obstitit
877 1527 1062 1615 Antonius,
1085 1525 1239 1623 datisque

269 1642 515 1735 defensoribus,
548 1647 593 1719 ad
611 1646 852 1743 Vespafianum
869 1645 1005 1719 dimisit.

318 1765 473 1836 XXXII.
510 1768 633 1837 Par-:ns
666 1765 805 1837 interim
838 1768 1119 1838 Cremonensium
1152 1764 1240 1837 inter

270 1901 418 1953 armatos
439 1883 724 1956 conflistabatur:
751 1910 814 1956 nec
832 1885 951 1979 procul
968 1885 1061 1956 caede
1085 1886 1237 1971 aberant,

270 2001 352 2072 cum
385 2002 543 2098 precibus
574 2004 705 2074 ducum
744 2001 921 2099 mitigatus
951 2002 999 2073 est
1033 2001 1142 2074 miles.
1193 2005 1240 2075 Et

270 2139 412 2192 vocatos
430 2121 474 2192 ad
491 2120 696 2193 concionem
714 2120 887 2192 Antonius
903 2119 1113 2215 adloquitur,
1137 2145 1237 2216 mag-

268 2237 370 2310 nifice
383 2238 540 2327 vidores,
569 2239 689 2327 vidos,
716 2227 923 2314 clementer:
952 2220 998 2309 de
1015 2237 1184 2310 Cremons
1200 2238 1237 2310 in

269 2378 441 2431 neutrum.
497 2358 691 2449 Exercitus,
739 2377 861 2452 praeter
892 2355 1025 2428 infitam
1061 2358 1237 2451 praedandi

268 2474 480 2570 cupidinem,
510 2497 623 2547 vetere
648 2475 731 2548 odio
757 2476 800 2547 ad
821 2474 997 2548 excidium
1023 2475 1250 2548 Cremonen&

268 2595 354 2667 sium
376 2593 556 2667 incubuit:
578 2591 704 2689 juvisse
721 2615 832 2690 partes
848 2594 1059 2681 Vitellianas,
1085 2595 1233 2667 Othonis

268 2734 408 2807 quoque
440 2714 545 2800 bella,
580 2713 830 2785 credebantur:
874 2738 959 2784 mox
990 2712 1234 2786 tertiadecima-

267 2854 343 2918 nos,
372 2832 416 2902 ad
434 2832 678 2904 exstruendum
696 2831 986 2927 amphitheatrum
1015 2829 1163 2918 resistos,
1192 2854 1233 2904 ut

265 2945 339 3019 sunt
367 2950 526 3044 procacia
542 2953 679 3023 urbana·
697 2949 806 3046 plebis
823 2947 972 3046 ingenia,
1001 2949 1233 3044 petulantibus

258 3063 383 3163 jurgiis
411 3067 602 3140 inluserant.
653 3069 766 3141 Auxit
799 3068 963 3141 invidiam
996 3066 1127 3138 editum
1162 3067 1232 3142 illic

262 3185 432 3257 aCaecinsa
449 3186 678 3283 gladiatorum
694 3185 938 3281 spedaculum,
951 3185 1139 3281 eademque
1156 3211 1227 3258 rur-

263 3303 317 3375 sus
335 3305 413 3376 belli
432 3303 547 3388 sedes;
579 3311 611 3376 &
632 3304 764 3400 praebiti
788 3304 824 3376 in
848 3304 920 3376 acie
933 3302 1121 3375 Vitellianis
1137 3304 1228 3390 cibi;

264 3422 357 3494 caesae
380 3424 541 3519 quaedam
570 3423 721 3510 seminae,
752 3422 865 3495 sludio
892 3420 1041 3516 partium
1063 3422 1107 3493 ad
1136 3449 1229 3518 proe·

264 3539 348 3611 lium
366 3543 574 3636 progressae:
602 3561 739 3635 tempus
756 3565 897 3638 quoque
915 3541 1097 3627 mercattis,
1121 3541 1231 3614 ditem

261 3658 413 3755 alioquin
431 3659 616 3748 coloniam,
646 3658 773 3755 majore
812 3684 920 3754 opum
938 3654 1048 3753 specie
1076 3661 1229 3754 comple-

263 3780 332 3855 bat.
382 3778 492 3849 Ceteri
509 3777 613 3849 duces
635 3777 671 3847 in
686 3777 828 3850 obscuro
845 3804 854 3848 :
883 3775 1078 3848 Antonium
1095 3774 1231 3852 fortuna

260 3893 422 3992 famaque
451 3894 608 3968 omnium
634 3895 741 3967 oculis
759 3894 979 3991 exposuerat:
1007 3894 1035 3965 is
1064 3894 1227 3986 balineas,
