3000 5144
337 548 402 642 198
524 544 868 618 C.Connnntr
904 545 1109 619 Tactrt

333 718 457 791 Galliae
475 721 733 792 constabantur.
777 721 822 790 Et
838 718 1061 808 Britanniam,
1072 717 1210 792 inclitus
1222 743 1307 816 erga

331 837 572 935 Vespasianum
599 837 710 924 favor,
735 836 831 933 qubd
855 836 925 910 illic
949 836 1105 911 secundae
1133 838 1261 936 legioni
1287 863 1310 911 a
1365 875 1368 881 ·

332 958 480 1030 Claudio
508 960 719 1051 praeposrtus,
752 961 785 1028 a
815 957 908 1030 bello
936 959 1047 1029 clarus
1075 977 1203 1055 egerat,
1234 983 1308 1029 non

332 1079 400 1148 stne
425 1093 522 1146 motu
540 1072 697 1169 adjunxit
714 1094 918 1162 ceterarum,
946 1075 982 1148 in
1005 1075 1132 1171 quibus
1150 1073 1308 1172 plerique

333 1192 546 1266 centuriones
563 1219 603 1263 ac
627 1193 765 1281 milites,
794 1219 814 1264 a
831 1192 971 1265 Vitellio
989 1193 1156 1289 provecli,
1182 1217 1307 1288 exper-

332 1330 407 1384 tum
415 1309 489 1407 jam
505 1311 703 1406 Principem
722 1312 815 1383 anxii
832 1315 1025 1385 mutabant.

302 1416 313 1437 ⁸
375 1433 494 1503 XLV.
520 1432 579 1501 ΕΑ
599 1429 782 1518 discordia,
809 1430 987 1503 &crebris
1010 1430 1092 1504 belli
1117 1429 1225 1503 civilis
1252 1456 1308 1503 ru·

334 1550 504 1638 moribus,
522 1548 672 1620 Britanni
690 1547 846 1621 sustulere
864 1549 1010 1636 animos,
1036 1552 1174 1622 austore
1191 1552 1310 1623 Venu-

334 1673 405 1742 sto:
427 1668 486 1765 qui
503 1668 602 1763 super
618 1668 750 1738 insitam
767 1664 946 1756 ferociam,
966 1672 998 1739 &
1018 1666 1174 1741 Romani
1190 1669 1306 1740 nomi-

335 1789 386 1861 nis
403 1787 537 1875 odium,
556 1786 702 1881 propriis
720 1785 754 1857 in
773 1785 1070 1859 Cartismandnam
1079 1786 1235 1883 reginam
1252 1785 1310 1858 sti·

335 1907 439 1980 mulis
471 1906 734 1979 accendebatur.
800 1903 1059 1977 Cartismandua
1090 1904 1310 2002 Brigantibus

236 2064 241 2074 ·
334 2024 567 2122 imperitabat,
587 2025 719 2120 pollens
742 2022 943 2095 nobilitate:
976 2028 1010 2097 a
1027 2045 1170 2096 auxerat
1187 2044 1310 2119 poten-

335 2144 434 2232 tiam,
454 2143 650 2239 postquam,
674 2159 777 2236 capto
795 2166 856 2237 per
873 2143 995 2215 dolum
1010 2168 1090 2240 rege
1107 2143 1310 2232 Carastaco,

336 2261 528 2335 instruxiffe
557 2260 775 2356 triumphum
796 2260 937 2333 Claudii
958 2261 1096 2334 Caesaris
1118 2262 1314 2334 videbatur.

336 2382 424 2454 Inde
442 2404 538 2475 opes,
557 2384 589 2451 δι
609 2404 721 2451 rerum
738 2377 963 2452 secundarum
982 2377 1233 2479 luxuszvlpreto
1245 2382 1314 2452 Ve-

335 2503 445 2588 nusm,
464 2496 568 2570 isfuit
585 2496 736 2585 maritus,
756 2497 967 2595 armigerum
979 2497 1064 2596 ejus,
1082 2500 1315 2586 Vellocatum,

335 2618 373 2692 in
395 2616 654 2689 matrimonium
683 2641 903 2713 regnumque
936 2618 1080 2714 accepit.
1143 2619 1315 2690 Concuffa

335 2735 448 2808 statim
473 2733 606 2831 flagitio
626 2735 763 2807 domus.
814 2738 882 2807 Pro
899 2736 1035 2827 marito,
1060 2735 1172 2810 studia
1195 2736 1314 2810 civita·

336 2853 402 2939 tis;
434 2880 495 2949 pro
513 2855 684 2942 adulter0,
704 2853 816 2927 libido
835 2854 976 2951 reginae,
1001 2861 1034 2927 ἃ
1053 2854 1190 2928 saevitia.
1239 2854 1314 2953 lgi-

336 2993 393 3047 tur
410 2975 588 3061 Vennsrus,
617 2972 733 3046 accitis
758 2973 906 3061 auxiliis,
939 2976 1036 3045 srmul
1066 2973 1217 3069 ipsorum
1241 2973 1312 3045 Bri·

337 3115 481 3192 gantum
500 3093 705 3182 defeetione,
732 3093 768 3166 in
786 3114 978 3166 extremum
995 3093 1174 3166 discrimen
1192 3093 1316 3168 Cattis·

337 3215 526 3286 manduam
544 3212 702 3283 adduxit.
751 3214 848 3284 Tum
873 3212 979 3308 petita
1002 3239 1022 3284 a
1039 3213 1208 3286 Romanis
1226 3240 1315 3310 prae-

339 3332 439 3403 sidia:
471 3335 503 3402 dc
533 3332 690 3402 cohortes
717 3332 851 3426 alaeque
873 3331 1012 3420 nostra,
1040 3332 1142 3405 variis
1172 3332 1315 3429 proeliis,

338 3452 499 3521 exemdre
516 3469 631 3520 tamen
655 3449 807 3544 periculo
824 3449 998 3547 reginam:
1031 3477 1179 3548 regnum
1197 3456 1314 3526 Venu-

340 3573 402 3659 sr0,
420 3570 552 3639 bellum
569 3568 670 3640 nobis
684 3568 852 3640 relidum.

388 3689 523 3760 XLVI.
548 3687 747 3758 Tuaanrn
777 3712 838 3782 per
859 3690 997 3761 eosdem
1023 3689 1096 3762 dies
1112 3690 1316 3781 Germania,

341 3810 375 3879 Bt
397 3802 548 3878 socordia
571 3804 719 3892 ducum,
747 3808 780 3877 ὃς
808 3804 974 3880 seditione
996 3809 1190 3906 legionum.
1242 3812 1318 3882 Ex·

339 3925 434 3997 tema
464 3922 512 4015 vi,
538 3923 680 4020 perfidia
702 3921 830 4013 sociali,
858 3926 966 4024 prope
993 3928 1131 4002 adflicta
1156 3932 1319 4004 Romana
