2978 5144
252 521 302 597 30
466 493 1056 570 C.ConuarrrTacrrr

252 663 406 740 mendat.
455 663 553 736 Nolo
576 663 769 738 Corvinum
797 662 941 760 insequi,
970 662 1159 760 quianon
1188 684 1258 761 per

254 783 365 880 ipsum
392 780 496 870 stetit,
526 783 711 878 quominus
734 783 886 855 laetitiam
906 782 1138 880 nitoremque
1167 781 1257 855 nos·

254 921 389 974 trorum
404 921 603 997 temporum
619 901 849 998 exprimeret:
864 901 1069 990 viderimus,
1090 901 1256 999 inquam

249 1015 387 1116 judicio
398 1017 470 1117 ejus
485 1018 537 1091 vis
553 1039 612 1092 aut
627 1019 745 1110 animi,
760 1041 818 1092 aut
835 1019 963 1118 ingenii
980 1019 1172 1094 suffecerit.

303 1140 422 1211 XXII.
448 1142 510 1210 Au
528 1138 731 1212 Ciceronem
749 1138 866 1228 venio,
895 1137 950 1211 cui
974 1139 1102 1211 eadem
1120 1166 1254 1239 pugna

256 1282 338 1332 cum
361 1257 550 1354 aequalibus
572 1257 636 1330 suis
660 1256 741 1346 fuit,
767 1284 844 1355 quae
867 1256 951 1329 mihi
975 1255 1163 1331 vobiscum
1181 1261 1252 1334 est.

254 1378 311 1451 Illi
328 1376 422 1450 enim
439 1377 600 1475 antiquos
613 1377 841 1466 mirabantur,
860 1376 929 1473 ipse
944 1372 1084 1448 suorum
1097 1396 1250 1474 tempo·

255 1522 335 1569 rum
351 1495 587 1593 eloquentiam
603 1498 859 1599 anteponebat:
886 1519 949 1569 nec
972 1496 1042 1568 ulla
1064 1521 1102 1568 re
1120 1498 1247 1596 magis

259 1614 409 1714 ejusdem
438 1616 545 1689 aetatis
568 1635 719 1689 oratores
748 1614 937 1711 praecurrit,
961 1613 1070 1711 quim
1086 1613 1247 1712 judicic.

256 1734 394 1808 Primus
410 1735 503 1807 enim
520 1736 674 1807 excoluit
691 1734 896 1822 orationem,
921 1733 1051 1829 primus
1067 1734 1105 1806 &
1122 1734 1248 1809 verbis

257 1854 433 1928 delectum
457 1852 630 1944 adhibuit,
654 1853 692 1924 δι
711 1851 951 1949 compositioni
975 1872 1107 1925 artem:
1140 1855 1244 1927 locos

259 1997 402 2069 quoque
418 1973 563 2047 laetiores
585 1971 778 2061 attentavit,
808 1971 846 2042 δι
871 1971 1037 2068 quasdam
1054 1971 1244 2048 sententias

258 2091 410 2177 invenit3
436 2091 558 2189 utique
574 2091 611 2163 in
627 2091 681 2164 his
694 2089 920 2180 orationibus,
936 2116 1019 2187 quas
1035 2089 1148 2164 senior
1156 2091 1238 2191 jam

257 2207 414 2304 &juxta
437 2211 545 2281 finem
561 2209 641 2281 vitae
663 2207 871 2307 composuit,
896 2209 933 2281 id
955 2208 1017 2297 est,
1047 2210 1240 2307 postquam

258 2326 371 2422 magis
406 2325 611 2422 profecerat,
646 2327 840 2427 usuque&
868 2326 1112 2424 experimentis
1140 2328 1239 2402 didi·

258 2464 364 2532 cetat,
400 2446 497 2540 quod
526 2445 699 2541 optimum
727 2446 866 2520 dicendi
897 2471 1005 2545 genus
1030 2446 1090 2520 est.
1139 2450 1240 2525 Nam

258 2563 387 2660 priores
404 2561 475 2659 ejus
493 2565 662 2640 orationes
680 2593 751 2640 non
768 2587 885 2641 carent
901 2565 992 2638 vitiis
1008 2565 1237 2664 antiquitatis:

259 2683 372 2756 lentus
400 2684 449 2756 est
477 2684 513 2756 in
542 2685 732 2783 principiis,
758 2688 882 2783 longus
908 2685 942 2756 in
968 2684 1237 2777 narrationibus,

259 2800 385 2875 otiosus
419 2802 511 2877 circa
543 2809 711 2896 excessus,
741 2805 836 2878 tarde
867 2823 1122 2892 commovetur,
1157 2806 1239 2878 rarb

260 2919 452 2993 incalescit:
474 2925 573 3019 pauci
591 2924 701 2997 sensus
717 2924 795 3021 apte
815 2929 943 2997 &cum
957 2924 1111 3020 quodam
1130 2925 1237 2997 lumi·

260 3063 305 3111 ne
322 3041 573 3115 terminantur:
601 3044 685 3115 nihil
703 3067 901 3139 excerpere,
919 3040 1004 3112 nihil
1020 3039 1141 3114 referre
1157 3047 1235 3139 pos-

259 3164 319 3233 sis:
339 3161 376 3231 ὅτ
391 3165 486 3234 velut
504 3162 539 3233 in
561 3163 639 3234 rudi
657 3161 818 3251 aedilicio,
837 3164 956 3233 firmus
977 3161 1055 3233 sane
1072 3160 1184 3256 paries
1200 3167 1237 3237 δι

258 3280 456 3369 duraturus,
485 3281 542 3354 sed
575 3280 747 3354 nonsatis
774 3280 948 3376 expolitus
977 3279 1015 3351 &
1041 3278 1238 3376 splendens.

263 3401 343 3495 Ego
368 3420 483 3472 autem
507 3418 695 3488 oratorem,
722 3402 805 3472 sicut
827 3400 1035 3495 locupletem
1053 3423 1093 3471 ac
1116 3400 1236 3473 lauda·

259 3537 336 3589 tum
350 3538 481 3614 patrem
493 3517 645 3607 familiae,
663 3544 733 3590 non
749 3544 791 3591 eo
803 3520 936 3592 tantum
949 3521 1027 3591 volo
1040 3519 1131 3591 teslo
1147 3519 1235 3617 tegi,

261 3639 360 3732 quod
384 3637 534 3709 imbrem
556 3662 596 3709 ac
620 3657 765 3710 ventum
781 3659 906 3728 arceat,
937 3637 1112 3711 sedetiam
1135 3638 1236 3734 quod

260 3753 372 3827 visum
389 3753 426 3825 &
443 3756 562 3829 oculos
580 3757 747 3829 delectet:
768 3783 839 3831 nou
863 3761 903 3830 ea
918 3756 1028 3831 solnm
1045 3757 1163 3830 instrui
1179 3755 1236 3830 su·

263 3874 444 3968 pelleffile,
468 3901 546 3971 quae
566 3876 754 3951 necessariis
771 3879 883 3953 ufibus
899 3876 1054 3976 sufficiat,
1071 3876 1129 3950 sed
1146 3879 1185 3951 sit
1197 3876 1238 3950 in
