3000 5144
261 533 331 606 27²
493 508 535 578 C.
567 507 836 581 Conuaatr
865 507 1059 583 Tncrrr

261 688 294 754 δι
323 681 469 754 fraternas
493 683 646 780 imagine
678 683 885 782 fulgentem,
920 687 965 757 ad
993 682 1236 781 capessendam

258 800 509 895 rempublicam
524 804 677 875 hortatus
694 833 702 876 :
727 806 820 876 haud
838 802 998 876 defutura
1014 800 1234 877 consciorum

260 944 379 1006 manu,
409 919 444 990 ni
468 921 705 995 Scribonianus
732 922 911 1011 abnuisset,
939 948 983 994 ne
1007 921 1131 1018 paratis
1154 918 1234 1016 qui-

258 1039 339 1109 dem
357 1040 529 1135 corrumpi
546 1038 665 1129 facilis,
691 1039 778 1113 adeo
794 1061 952 1113 metuens
975 1040 1114 1113 incerta.
1163 1037 1235 1135 lgi-

258 1177 316 1229 tur
336 1159 538 1247 Mucianus,
566 1159 646 1255 quia
675 1161 852 1255 propalam
879 1159 1029 1256 opprimi
1056 1157 1235 1230 Antonius

259 1276 447 1372 nequibat:
474 1278 590 1350 multis
615 1278 650 1349 in
676 1277 789 1350 senatu
814 1278 974 1350 laudibus
1001 1279 1232 1364 cumulatum,

258 1394 389 1468 secretis
408 1396 570 1491 promissis
587 1416 719 1484 onerat,
749 1404 776 1437 “
794 1396 987 1469 citeriorem
1003 1394 1235 1491 Hispaniam''

259 1516 442 1601 ostentans,
467 1521 494 1554 “
512 1513 651 1585 discessu
674 1514 788 1586 Cluvii
807 1518 891 1587 Rufi
911 1540 1059 1587 vacuam
1074 1516 1111 1585 :”
1130 1514 1232 1586 fimus

259 1635 378 1707 amicis
416 1631 501 1729 ejus,
544 1633 733 1706 tribunatus
767 1633 1046 1732 praeseslutasque
1079 1634 1233 1730 largitur.

259 1754 365 1840 Dein,
390 1752 572 1848 postquam
593 1752 730 1824 inanem
749 1752 903 1825 animum
929 1752 987 1849 spe
1014 1757 1046 1824 Sa
1072 1752 1236 1848 cupidine

259 1871 477 1968 impleverat,
505 1871 595 1943 vires
621 1874 762 1956 abolet;
792 1869 929 1944 dimissa
953 1872 989 1943 in
1014 1871 1157 1944 hiberna
1185 1873 1233 1943 le·

260 1991 365 2088 gione
382 1989 537 2086 septima,
564 1988 660 2086 cujus
677 1989 952 2086 flagrantissimus
976 1989 1012 2061 in
1037 1989 1235 2064 Antonium

259 2135 366 2182 amor.
418 2112 463 2180 Et
490 2109 585 2181 tertia
605 2108 712 2205 legin,
742 2108 914 2181 familiaris
933 2107 1035 2180 Arrio
1052 2110 1143 2180 Varo
1166 2108 1233 2180 mi-

259 2229 321 2314 les,
338 2227 373 2298 in
391 2226 522 2321 Syriam
540 2227 682 2299 remissa.
733 2230 815 2298 Pars
832 2226 1016 2314 exercitsts,
1030 2227 1065 2298 in
1083 2228 1232 2298 Germa·

261 2345 333 2416 nias
357 2345 558 2417 ducebatur.
607 2345 662 2417 Sic
685 2346 815 2442 egesta,
842 2345 1014 2441 quidquid
1037 2344 1233 2433 turbidum,

259 2464 349 2535 redit
374 2462 466 2535 Urbi
483 2461 539 2534 sua
557 2461 681 2556 forma,
712 2461 886 2562 legesque,
914 2468 946 2536 &
973 2464 1092 2537 munia
1108 2463 1233 2562 magis-

260 2602 423 2655 tratuum.

308 2704 391 2776 XL.
416 2705 505 2799 Qro
534 2701 591 2773 die
617 2700 767 2775 senatum
793 2701 957 2797 ingressus
984 2701 1032 2773 est
1060 2700 1234 2775 Domitia·

259 2848 338 2909 nus,
370 2828 396 2863 “
416 2822 460 2892 de
489 2820 636 2893 absentia
669 2821 772 2917 patris
799 2818 989 2917 fratrisque,
1018 2846 1058 2892 ac
1086 2820 1234 2916 juventi

261 2951 288 2984 “
308 2943 404 3031 surl,'’
424 2946 579 3037 pauca&
600 2941 737 3014 modica
749 2940 911 3027 disseruit,
930 2941 1076 3013 decorus
1093 2941 1232 3026 habitu;

262 3067 294 3132 δι
314 3061 438 3157 ignotis
454 3062 566 3131 adhuc
584 3059 752 3147 moribus,
773 3062 891 3131 crebra
905 3058 972 3130 oris
991 3058 1143 3131 confusro
1168 3086 1234 3156 pro

260 3178 425 3250 modestis
454 3178 694 3273 accipiebatur.
761 3176 947 3249 Referente
974 3177 1117 3265 Caesare,
1144 3185 1169 3219 “
1189 3180 1234 3250 de

263 3306 288 3339 “
309 3297 524 3368 restituendis
553 3298 674 3368 Galba
695 3297 924 3386 honoribus,''
948 3296 1076 3369 censuit
1097 3296 1237 3368 Curtius

260 3420 468 3503 Montanus,
499 3422 524 3456 “
543 3436 581 3485 ut
598 3414 726 3487 Pisonis
743 3441 884 3511 quoque
898 3417 1063 3488 mensoria
1084 3417 1234 3487 celebra·

264 3543 290 3576 “
311 3540 434 3606 retur.”
495 3537 612 3605 Patres
646 3556 833 3629 utrumque
855 3532 1007 3628 jusssre:
1038 3536 1082 3605 de
1113 3533 1237 3606 Pisone

261 3653 397 3724 irritum
426 3652 499 3723 suit.
548 3655 645 3724 Tum
669 3652 754 3724 sorte
775 3654 884 3740 dusli,
913 3659 1019 3747 “per
1044 3678 1131 3748 quos
1156 3654 1234 3724 red·

265 3780 290 3812 “
309 3774 469 3842 (letentur
487 3772 578 3843 bello
597 3792 705 3866 rapta,
731 3771 861 3866 quique
878 3796 945 3843 aera
961 3772 1095 3868 legum,
1121 3769 1234 3843 vetus·

263 3897 289 3933 “
308 3910 375 3962 tate
404 3888 544 3984 dilapsa,
573 3888 764 3980 noscerent,
790 3892 1017 3988 figerentque,
1045 3893 1077 3962 δι
1103 3889 1234 3980 Fastos,
