2978 5144
162 574 210 641 44
355 551 396 623 C.
440 551 704 624 Conuenit
748 553 946 626 Tacrrr

161 726 277 796 deerat
300 750 373 822 pars
390 727 595 816 Galliarum,
619 753 696 823 quae
715 729 881 799 Rhenum
898 723 1034 814 accolit,
1065 723 1137 798 eas·

161 845 241 914 dem
260 864 371 937 partes
389 844 513 933 secuta,
532 871 571 917 ac
594 867 668 917 tum
685 845 849 917 acerrima
866 844 1055 941 instigatrix
1072 844 1134 914 ad-

163 961 281 1032 versus
298 960 483 1032 Galbianos:
511 964 576 1035 hoc
595 963 686 1034 enim
712 979 861 1051 nomen,
882 960 1030 1034 fastidito
1048 961 1134 1033 Vin-

161 1078 254 1166 dice,
283 1079 490 1152 indiderant.
539 1081 648 1177 Igitur
674 1080 839 1175 Sequanis
861 1076 1068 1175 AEduisque,
1094 1104 1136 1151 ac

161 1196 301 1284 deinde,
337 1220 438 1293 prout
467 1199 643 1294 opulentia
671 1197 865 1270 civitatibus
891 1216 973 1284 erat,
1003 1195 1136 1285 infensi,

161 1314 432 1411 expugnationes
475 1317 626 1404 urbium,
679 1314 919 1411 populationes
957 1339 1136 1410 agrorum,

161 1454 275 1528 raptus
294 1434 469 1527 penatium
486 1432 664 1506 haul'emnt
679 1433 820 1505 animo:
840 1433 941 1528 super
957 1433 1135 1506 avaritiam

164 1556 197 1622 ἃ
213 1552 468 1647 adrogantiam,
484 1553 658 1648 praecipua
675 1551 881 1624 validiorum
898 1551 994 1640 vitia,
1012 1573 1135 1624 contu·
1237 1553 1240 1559 ’

163 1669 274 1741 marial
305 1671 487 1741 Gallorum
517 1669 656 1758 inritati,
688 1670 748 1766 qui
785 1669 999 1742 “remissam
1029 1670 1090 1742 fibi
1118 1697 1139 1742 a

165 1794 193 1832 “
212 1789 324 1860 Galba
349 1807 505 1884 quartam
525 1788 737 1860 tributorum
761 1809 904 1890 partem,
940 1793 973 1859 δι
1000 1788 1138 1883 publice

165 1913 193 1948 “
212 1907 369 1996 donatos,
403 1906 437 1978 in
465 1905 693 2002 ignominiam
726 1907 917 1979 exercitus'
946 1904 1136 2002 jadabant.

165 2027 313 2096 Acceffit
326 2024 447 2097 callide
467 2027 663 2121 vulgatum,
678 2044 805 2096 temere
822 2023 1006 2111 creditum,
1032 2031 1059 2066 “
1076 2024 1137 2095 de·

166 2150 194 2183 “
212 2143 341 2214 cumari
370 2141 537 2238 legiones,
578 2147 611 2215 ὅτ
642 2141 933 2237 promptissimum
962 2165 1138 2238 quemque

165 2260 452 2331 “centurionum
479 2258 652 2330 dimitti:”
677 2260 830 2356 undique
852 2280 983 2332 atroces
1011 2260 1137 2349 nuntii,

166 2376 294 2448 sinistra
322 2402 366 2448 ex
387 2379 485 2452 Urbe
511 2375 627 2462 fama;
657 2376 787 2452 infensa
813 2379 1056 2475 Lugdunensis
1078 2403 1136 2450 co-

167 2493 272 2582 lonia,
303 2498 335 2565 &
353 2493 515 2589 pertinaci
534 2520 595 2590 pto
614 2497 755 2567 Nerone
773 2496 841 2568 fide
859 2494 1006 2568 secunda
1021 2521 1138 2568 rumo-

164 2612 272 2686 ribus.
320 2614 387 2685 Sed
403 2612 552 2707 plurima
573 2614 615 2684 ad
633 2615 837 2708 fingendum
858 2615 1140 2710 credendumque

167 2731 322 2804 materies
338 2730 373 2803 in
392 2731 468 2827 ipsis
484 2730 613 2819 castris,
639 2731 733 2819 odio,
760 2751 868 2820 metu,
899 2736 947 2822 a,
973 2730 1034 2803 ubi
1050 2731 1139 2803 vires

167 2849 240 2923 suas
256 2848 483 2945 respexerant,
498 2847 682 2921 securitate.

214 2971 295 3040 Lll.
321 2969 394 3043 Sus
407 2966 492 3062 ipsas
510 2967 688 3062 superioris
705 2967 785 3039 anni
799 2967 972 3041 Kalendas
984 2969 1136 3041 Decem·

94 3183 96 3187 ἶ
168 3092 244 3161 bres
277 3088 387 3160 Aulus
411 3085 582 3174 Vitellius,
613 3083 806 3158 inferiorem
835 3084 1061 3159 Germaniam
1085 3086 1138 3158 in·

171 3209 315 3302 gressus,
352 3205 496 3279 hiberna
529 3204 707 3300 legionum
746 3231 827 3277 cum
860 3209 941 3277 curs
982 3203 1133 3276 adierat:

169 3325 294 3397 redditi
321 3321 489 3420 plerisque
522 3322 673 3411 ordines,
701 3323 833 3395 remissa
857 3321 1060 3420 ignominia,
1088 3324 1137 3394 al-

170 3444 292 3515 levatae
311 3461 421 3514 notae:
456 3443 555 3537 plura
578 3440 779 3530 ambitione,
803 3439 1136 3536 quaedamjudicio:

175 3561 352 3657 inquibus
374 3559 506 3632 sordem
532 3564 564 3631 δι
590 3559 769 3631 avaritiam
794 3559 929 3631 Fonteii
947 3558 1137 3653 Capitonis,

114 3689 118 3696 '
173 3679 364 3750 adimendis
393 3676 650 3774 adsignandisve
676 3676 806 3748 militias
831 3677 1024 3766 ordinibus,
1051 3676 1138 3748 inte·

172 3796 231 3890 gre
258 3815 456 3867 mutaverat.
517 3796 595 3867 Nec
619 3794 802 3866 consularis
836 3793 937 3891 legati
965 3794 1140 3883 mensuri,

172 3911 229 3987 sed
257 3911 293 3983 in
321 3909 428 4006 majus
453 3911 570 3986 omnia
596 3911 861 4009 accipiebantur.
912 3915 959 3986 Et
975 3912 1134 3986 Vitellius
