3000 5144
355 568 398 640 18
556 556 1122 633 C.ConnrrrrTncrrr

356 736 451 808 Haec
477 733 687 829 eloquentia
704 728 905 830 primordia,
935 732 1010 804 haec
1030 728 1245 829 penetralior
1271 732 1343 806 hoc

358 854 512 949 primirm
529 852 651 924 habitu
669 854 833 947 cultuque
850 851 1042 924 commoda
1058 851 1278 940 mortalibus,
1307 852 1344 925 in

358 973 417 1046 illa
433 971 539 1060 casta,
558 976 591 1043 ὃ(
605 971 708 1043 nullis
724 972 883 1043 conta&
900 970 1003 1060 vitiis,
1019 972 1160 1067 peelora
1174 971 1342 1044 influxit:

359 1096 403 1165 sic
420 1091 558 1164 oracula
575 1091 818 1185 loquebantur.
868 1092 965 1163 Nam
993 1086 1134 1162 lucrosae
1160 1087 1278 1185 hujus,
1303 1092 1342 1164 &

360 1208 596 1307 sanguinantis
613 1208 820 1305 eloquentiae
838 1208 929 1298 usos,
948 1233 1077 1298 recens,
1096 1212 1129 1280 &
1146 1209 1246 1282 malis
1264 1235 1344 1283 mo·

359 1329 455 1402 ribus
473 1348 585 1416 natus,
604 1346 724 1423 atque,
745 1347 782 1399 ut
800 1345 838 1399 tu
851 1326 1006 1416 dicebas,
1034 1332 1144 1424 Aper,
1169 1326 1344 1401 inlocum

359 1447 419 1519 teli
450 1465 613 1541 repertus.
664 1446 829 1518 Ceterirm
858 1443 941 1518 felix
971 1446 1073 1535 illud,
1099 1452 1149 1534 &,
1174 1464 1215 1518 ut
1244 1470 1345 1520 more

360 1565 478 1639 nostro
503 1567 641 1661 loquar,
666 1589 808 1636 aureum
835 1562 1014 1654 saeculum,
1042 1570 1075 1637 ὃ(
1098 1584 1277 1637 oratorum
1306 1567 1346 1640 δι

361 1685 549 1757 criminum
565 1683 681 1779 inops,
709 1681 821 1778 poetis
837 1681 874 1753 δι
891 1682 1026 1756 vatibus
1043 1683 1257 1774 abundabat,
1283 1687 1345 1784 qui

361 1800 541 1876 benefacra
558 1822 733 1891 canerent,
759 1827 830 1874 non
858 1801 918 1899 qui
936 1801 1026 1873 male
1049 1801 1193 1874 admiss'a
1221 1803 1344 1878 defen-

358 1924 492 1996 derent.
542 1925 621 1995 Nec
638 1921 716 1993 ullis
733 1940 791 1994 aut
809 1921 919 2018 gloria
937 1917 1060 2018 major,
1086 1941 1145 1992 aut
1166 1923 1346 2018 augustior

364 2043 501 2114 honor:
534 2041 683 2137 primirm
703 2041 797 2137 apud
814 2041 913 2129 deos,
944 2064 1098 2136 quorum
1122 2038 1273 2137 proferre
1291 2067 1345 2116 re·

365 2159 497 2255 sponsa,
516 2160 551 2230 &
570 2159 724 2231 intereffe
740 2158 851 2255 epulis
867 2156 1084 2231 ferebantur:
1104 2159 1232 2233 deinde
1248 2163 1345 2258 apud

363 2277 440 2350 illos
457 2279 522 2350 diis
541 2278 675 2374 genitos
691 2277 869 2375 sacrosque
884 2303 993 2374 reges,
1021 2277 1111 2350 inter
1127 2303 1215 2376 quos
1232 2280 1346 2352 nemi-

364 2421 446 2467 nem
464 2393 727 2484 causrdicorum,
745 2395 801 2468 sed
818 2399 960 2494 Orphea
970 2422 1010 2469 ac
1027 2397 1176 2487 Linum,
1191 2422 1233 2470 ac
1253 2402 1275 2471 fi
1293 2399 1345 2470 in·

364 2513 547 2611 trospicere
557 2513 658 2586 altios
670 2513 770 2605 velis,
783 2515 892 2612 ipsum
900 2515 1101 2613 Apollinem
1115 2516 1316 2613 accepimus
1333 2543 1343 2590 z

366 2635 438 2721 vel,
469 2634 583 2706 fihaec
601 2632 756 2707 fabulosa
772 2635 873 2708 nimis
892 2635 929 2707 δι
952 2640 1144 2733 composita
1167 2635 1345 2728 videntur,

367 2752 456 2825 illud
485 2752 576 2825 certe
601 2752 688 2825 mihi
717 2755 893 2843 concedis,
924 2759 1034 2852 Aper,
1068 2780 1141 2826 non
1172 2753 1349 2830 minorem

368 2875 539 2945 honorem
559 2875 733 2962 Homer0,
764 2875 870 2970 quim
885 2874 1129 2963 Demostheni,
1155 2875 1250 2970 apud
1269 2875 1347 2972 pos·

366 3012 481 3063 teros:
516 3018 578 3063 nec
596 2993 846 3089 angustioribus
869 2994 1022 3067 terminis
1046 2994 1175 3066 famam
1206 2997 1348 3091 Euripi-

369 3112 436 3200 dis,
464 3131 522 3182 aut
550 3111 743 3206 Sophoclis,
773 3113 881 3208 quiem
909 3116 1035 3207 Lysrae,
1066 3133 1125 3185 aut
1154 3115 1350 3210 Hyperidis

369 3229 498 3301 includi
517 3257 524 3299 :
558 3232 671 3324 plures
689 3230 793 3302 hodie
811 3231 968 3326 reperies,
998 3231 1057 3328 qni
1074 3231 1250 3304 Ciceronis
1269 3236 1348 3330 glo-

368 3350 472 3436 riam,
502 3349 609 3444 qnlm
644 3349 703 3446 qui
728 3350 864 3446 Virgilii
896 3352 1098 3423 detreflent.
1148 3353 1228 3423 Nec
1258 3354 1349 3426 ullus

371 3469 478 3541 Afinii
507 3488 566 3538 aut
584 3471 737 3541 Meffalae
768 3469 852 3541 liber
876 3489 947 3542 tam
970 3470 1117 3544 inlustris
1144 3470 1207 3560 est,
1238 3471 1348 3568 anm

371 3590 503 3660 Medea
520 3585 654 3676 Ovidii,
684 3609 742 3660 aut
760 3589 852 3661 Varii
867 3592 1049 3686 Thyestes.

421 3709 521 3778 XIII.
547 3710 604 3779 Ac
630 3732 672 3778 ne
695 3705 869 3781 fortunam
881 3709 1026 3806 quidem
1040 3730 1174 3798 vatum,
1204 3709 1348 3784 &illud

372 3824 455 3896 felix
492 3826 773 3916 contubernium,
808 3854 1006 3925 comparare
1044 3829 1221 3902 timuerim
1265 3856 1350 3904 cunr

373 3942 525 4038 inquieti
544 3945 580 4015 &
596 3945 699 4021 anxirl
726 3968 900 4023 oratorum
917 3948 1008 4024 vita:
1039 3948 1120 4023 licet
1142 3948 1219 4022 illos
1241 3968 1349 4024 certa·
