3000 5144
363 518 404 586 16
560 512 904 585 ceolum
938 514 1134 590 Tnc1r1

357 684 504 778 quentiae
533 683 629 773 serat,
662 711 772 759 errare
802 683 925 776 maris,
957 686 1149 760 &summa
1167 690 1330 785 adeptus,

353 803 388 873 in
407 804 592 875 levioribus
609 805 764 878 subsistis.
805 809 857 878 Ut
875 810 896 878 s1
914 806 950 877 in
967 805 1100 878 Graecifi
1112 828 1212 880 natus
1229 812 1329 898 effes,

353 922 412 992 ubi
433 923 577 993 ludicras
603 950 743 1020 quoque
771 946 857 996 artes
881 950 1042 996 exercere
1064 924 1247 997 honestum
1264 928 1329 1015 est,

353 1066 393 1111 ac
410 1040 470 1112 tibi
488 1041 674 1113 Nicostrati
698 1046 803 1115 robur
824 1069 863 1116 ac
881 1043 969 1115 vires
985 1042 1033 1114 dii
1050 1042 1231 1132 dedissent,
1254 1071 1329 1118 non

353 1180 485 1254 paterer
502 1161 670 1234 immanes
696 1162 770 1234 illos
796 1163 840 1234 ad
870 1187 1025 1258 pugnam
1048 1162 1145 1233 datos
1166 1163 1326 1253 lacertos,

353 1281 486 1352 levitate
508 1280 614 1377 jaculi
633 1303 688 1353 aut
708 1279 803 1376 jaslu
829 1281 911 1353 disci
928 1278 1129 1353 vanescere:
1161 1282 1205 1352 stc
1232 1307 1327 1355 nunc

351 1419 385 1468 te
402 1403 447 1471 ab
470 1400 643 1471 auditoriis
672 1405 705 1472 δε
723 1400 877 1488 theatris,
906 1399 943 1471 in
967 1397 1078 1471 forum
1097 1402 1130 1470 δι
1148 1400 1193 1470 ad
1209 1399 1325 1473 causas

351 1520 384 1587 δι
402 1520 446 1589 ad
464 1543 544 1589 vera
562 1520 684 1613 proelia
701 1544 813 1590 voco:
844 1520 927 1590 clun
953 1516 1132 1614 praesertim
1157 1541 1201 1588 ne
1217 1519 1261 1589 ad
1286 1518 1324 1591 id

349 1637 492 1731 quidem
520 1637 721 1733 consurgere
747 1639 859 1732 possis,
886 1637 981 1731 quod
1010 1633 1178 1730 plerisque
1206 1658 1323 1731 patro-

349 1755 494 1844 cinatur,
522 1776 700 1852 tamquam
729 1756 842 1827 minus
859 1754 1054 1827 obnoxium
1080 1756 1117 1845 sn
1145 1755 1322 1828 offendere

349 1880 545 1968 poetarum,
575 1877 681 1970 quam
708 1894 881 1947 oratorum
905 1872 1067 1944 studium.
1119 1872 1321 1947 Effertescit

347 1993 440 2064 eninr
459 1994 510 2064 ris
529 1993 765 2089 pulcherrimae
783 2014 907 2064 natura
924 2012 1007 2079 tuae,
1033 2015 1096 2062 nec
1123 2016 1187 2084 pro
1203 1992 1320 2066 amico

344 2111 475 2206 aliquO,
502 2111 558 2182 sed
577 2113 672 2206 quod
700 2112 917 2206 periculosus
939 2110 1001 2197 esl,
1028 2135 1092 2204 pro
1110 2112 1243 2182 Catone
1265 2111 1320 2184 os·

340 2227 472 2299 senilis:
499 2254 562 2300 nec
579 2228 757 2299 excusatur
774 2227 900 2299 offensa
924 2228 1166 2300 neceffitudine
1194 2230 1317 2321 officii,

342 2365 400 2415 aut
420 2348 487 2417 fide
504 2346 752 2434 advocationis,
782 2368 840 2417 aut
864 2346 1012 2418 fortuitae
1038 2352 1071 2419 δε
1096 2347 1215 2420 subitae
1240 2349 1316 2421 dic·

342 2462 443 2533 tionis
462 2463 613 2558 impetu:
647 2464 828 2536 meditatus
847 2465 970 2537 videris
986 2465 1121 2562 elegisse
1136 2465 1316 2561 personam

340 2582 541 2669 notabilem,
567 2586 600 2653 &
629 2607 709 2657 curn
737 2583 940 2656 austoritate
964 2584 1143 2655 ditrutam.
1192 2585 1313 2658 Sentio

339 2700 424 2795 quid
449 2699 643 2796 responderi
670 2704 790 2796 possit:
818 2703 898 2774 hinc
921 2702 1077 2799 ingentes
1101 2726 1146 2773 ex
1172 2703 1225 2774 his
1250 2705 1314 2775 ad·

338 2819 461 2907 sensus,
489 2820 568 2891 hinc
587 2819 620 2890 in
639 2820 714 2916 ipsis
730 2821 903 2892 auditoriis
926 2821 1096 2917 praecipue
1114 2821 1257 2912 laudari,
1276 2828 1312 2896 δε

338 2966 422 3012 rnox
441 2941 597 3011 ouutiunt
615 2939 822 3011 sermonibus
839 2937 929 3010 ferri.
979 2940 1082 3010 Tolle
1108 2939 1213 3035 igitur
1231 2941 1310 3037 qui·

336 3060 396 3130 etis
427 3063 459 3127 δι
489 3057 670 3128 securitatis
696 3056 962 3146 excusationem,
993 3058 1075 3131 cbm
1103 3058 1163 3129 tibi
1193 3057 1307 3131 stamas

335 3176 564 3248 adversarium
594 3176 822 3270 superiorein:
861 3177 959 3248 nobis
986 3176 1061 3247 satis
1091 3180 1128 3247 fit
1158 3177 1307 3271 privatas

335 3297 369 3365 ἃ
390 3296 493 3367 noslri
518 3294 629 3365 sieculi
650 3298 891 3366 controversias
910 3295 1016 3381 tueri,
1038 3294 1072 3365 in
1099 3293 1226 3390 quibus
1244 3322 1304 3366 ex-

334 3417 448 3510 pressas
466 3417 486 3483 si
506 3413 644 3507 curando
661 3414 791 3482 necesse
817 3417 853 3483 fit
881 3439 943 3508 pro
961 3412 1173 3507 periclitante
1191 3415 1306 3486 antico

335 3531 568 3627 potentiorum
587 3555 682 3600 aures
700 3530 887 3619 offendere,
919 3533 1113 3626 &probata
1138 3535 1176 3602 fit
1204 3534 1303 3620 fides,

332 3652 366 3717 ἃ
387 3650 522 3719 libertas
539 3646 707 3719 excusata.

379 3769 441 3837 Xl.
468 3773 568 3862 Qu
586 3768 667 3837 cunt
685 3765 820 3836 dixisset
840 3771 936 3861 Aper
954 3767 1082 3856 acribs,
1104 3789 1142 3838 ut
1160 3768 1301 3856 solebat,

332 3884 367 3952 ἃ
396 3884 527 3954 intento
557 3910 637 3955 ore:
668 3883 820 3956 remissus
850 3886 885 3955 δε
914 3884 1087 3958 subridens
1117 3887 1299 3976 rlsaternns,
