3000 5144
435 587 836 660 Hrsronrnnuru
873 538 1091 660 L1n.V.¹
1171 611 1236 682 33¹

265 756 462 855 trepidatio,
495 759 578 832 cum
612 758 760 855 praealtis
795 758 982 855 paludibus
1020 773 1128 847 arma,
1159 757 1241 853 equi

262 876 494 952 haurirentur.
553 878 718 950 Germani
748 877 838 949 notis
868 879 966 950 vadis
995 877 1239 973 persultabant,

264 995 387 1068 omissi
412 998 619 1093 plerumque
640 995 765 1085 fronte,
795 997 900 1068 latera
922 1021 962 1069 ac
981 1015 1078 1092 terga
1092 995 1240 1068 circum·

263 1114 466 1189 venientes:
495 1141 622 1212 neque,
655 1135 692 1186 ut
722 1115 758 1186 in
785 1115 933 1211 pedestri
966 1115 1052 1203 acie,
1083 1115 1240 1187 cominus

264 1235 400 1307 eminus
417 1238 635 1319 certabatur;
666 1233 737 1322 sed,
765 1254 944 1330 tamquam
970 1234 1083 1305 navali
1108 1237 1240 1331 pugnd,

265 1354 347 1450 vagi
364 1353 452 1425 inter
476 1356 598 1442 undas,
622 1372 695 1440 aut,
723 1355 746 1423 sr
772 1353 858 1448 quid
881 1353 1000 1426 stabile
1024 1355 1239 1442 occurrebat,

265 1472 347 1544 totis
364 1472 435 1545 illic
459 1471 663 1568 corporibus
689 1470 849 1559 nitentes,
868 1473 1039 1545 vulnerati
1055 1498 1135 1544 cum
1154 1471 1241 1544 inte-

261 1591 343 1687 gris,
368 1592 465 1687 periti
482 1592 588 1664 nandi
611 1618 694 1665 curn
712 1588 851 1686 ignaris,
881 1591 917 1663 in
934 1612 1100 1695 ¹mutuam
1125 1591 1238 1688 perni-

264 1709 354 1781 ciem
372 1710 663 1807 implicabantur:
693 1712 806 1783 minor
824 1732 953 1800 tamen,
973 1712 1080 1807 quam
1097 1737 1161 1807 pro
1185 1733 1240 1784 tu·

263 1830 394 1918 multu,
427 1832 561 1903 caedes:
603 1830 685 1926 quia
719 1857 789 1902 non
822 1833 890 1903 ausr
922 1830 1043 1926 egredi
1077 1832 1240 1925 paludem

265 1949 445 2038 Germani,
472 1948 507 2020 in
530 1949 635 2021 castra
660 1949 800 2021 rediere.
852 1947 935 2045 Ejus
961 1949 1074 2045 proelii
1098 1971 1239 2023 eventus

264 2089 451 2166 utrumque
468 2069 609 2156 ducem,
636 2067 776 2139 dirersis
794 2067 900 2140 animi
917 2068 1082 2159 motibus,
1108 2071 1151 2141 ad
1169 2096 1242 2142 ma-

262 2190 450 2260 tutandum
483 2185 626 2259 summae
655 2186 703 2258 rei
732 2186 914 2261 discrimen
943 2186 1062 2260 erexit.
1120 2189 1240 2260 Civilis

262 2306 384 2380 instare
396 2305 544 2379 sortunae
558 2334 568 2390 ;
581 2306 723 2378 Cerialis
736 2308 872 2379 abolere
884 2307 1125 2404 ignominiam.
1152 2311 1238 2381 Ger-

267 2425 360 2497 mani
386 2424 552 2521 prosperis
580 2423 732 2510 feroces;
762 2430 946 2499 Romanos
970 2427 1086 2523 pudor
1107 2427 1238 2500 excita·

264 2565 380 2617 verat:
402 2571 473 2617 nox
492 2545 585 2640 apud
604 2547 764 2618 barbaros
777 2566 880 2618 cantu
898 2566 956 2618 aut
969 2547 1143 2632 clamore;
1161 2545 1239 2619 nos·

264 2662 323 2735 tris
348 2688 410 2759 per
430 2664 515 2736 iram
533 2669 566 2737 δι
584 2664 693 2738 minas
710 2666 795 2736 asia.
1123 2673 1128 2680 '

312 2783 410 2855 XVl.
436 2786 618 2856 Posrsnn
641 2785 733 2871 luce,
755 2783 896 2856 Cerialis
918 2783 1032 2880 equite
1056 2787 1090 2855 br
1115 2784 1238 2855 auxili·

263 2901 340 2974 ariis
367 2904 567 2976 cohortibus
589 2903 737 2975 frontem
763 2904 906 2998 explet;
934 2900 969 2973 in
994 2899 1141 2973 secunda
1166 2903 1239 2974 acie

263 3022 416 3118 legiones
446 3024 578 3094 locatae:
611 3023 685 3094 dux
714 3021 774 3094 srbi
806 3021 957 3092 deledlos
985 3019 1170 3092 retinuerat
1194 3023 1239 3094 ad

262 3140 456 3237 improvisa.
520 3140 641 3214 Civilis
672 3141 765 3214 haud
800 3141 958 3236 porreelo
991 3138 1145 3234 agmine,
1180 3138 1238 3213 sed

264 3259 380 3332 cuneis
413 3259 554 3333 adstitit.
615 3259 732 3332 Batavi
766 3258 993 3356 Gugernique
1026 3257 1062 3328 in
1089 3259 1235 3344 dextr03

263 3380 363 3466 laera,
383 3403 422 3451 ac
440 3379 602 3475 propiora
627 3378 793 3468 fluminis,
816 3376 1066 3449 Transrhenani
1085 3380 1235 3452 tenudre.

263 3497 469 3572 Exhortatio
488 3500 635 3587 ducum,
655 3524 726 3570 non
744 3521 842 3568 more
854 3496 1029 3569 concionis
1046 3497 1141 3592 apud
1157 3498 1234 3569 uni·

261 3615 388 3703 versos,
399 3614 456 3688 sed
469 3638 506 3689 ut
525 3616 678 3713 quosque
690 3642 810 3689 eorum
823 3616 1090 3688 advehebantur.
1141 3618 1235 3690 Ceri-

262 3736 324 3809 alis
353 3742 379 3777 ‘⁶
397 3756 548 3808 veterem
567 3734 720 3808 Romani
737 3733 886 3806 nominis
903 3733 1062 3831 gloriam,
1081 3736 1237 3834 antiquas

261 3862 290 3898 “
308 3852 524 3951 recentesque
535 3853 706 3927 vistorias:
724 3873 760 3926 ut
773 3853 960 3949 perfidum,
971 3853 1153 3950 ignavum,
1165 3858 1235 3930 vic·

263 3980 290 4021 “
309 3993 387 4049 tum
399 3973 548 4063 hostem,
560 3972 596 4047 in
608 3992 776 4048 aeternum
791 3972 1005 4048 exciderent:
1019 3973 1151 4051 ultione
1162 4003 1235 4053 ma·
