3000 5144
442 451 849 525 Hrsronrnnuu
881 450 1054 523 Linl.
1193 475 1233 548 ¹5

264 621 458 719 legationis,
488 622 643 719 seposuit.
693 626 804 713 Otho,
833 623 980 697 comiter
1003 621 1236 696 administrata

260 741 452 839 provincis,
469 741 601 837 primus
613 741 647 815 in
661 765 772 839 partes
785 742 1017 840 transgressus,
1031 767 1095 815 nec
1107 741 1233 838 segnis,

262 866 296 937 δι
319 861 430 935 donec
449 861 579 933 bellum
603 860 681 951 suit,
703 863 791 936 inter
815 862 993 959 praesentes
1013 860 1237 957 splendidissi-

259 1006 351 1069 mus,
381 980 475 1076 spem
500 979 710 1075 adoptionis,
736 981 851 1055 statim
876 1002 1094 1076 conceptam,
1123 980 1234 1056 acrius

259 1099 297 1173 in
322 1100 395 1177 dies
417 1098 588 1195 rapiebat:
624 1097 820 1173 faventibus
852 1097 1020 1196 plerisque
1053 1099 1205 1173 militum
1219 1127 1231 1184 ς

260 1221 370 1315 pronas
387 1219 521 1291 ineunt
538 1219 615 1290 auls
631 1218 794 1307 Neronis,
812 1238 850 1291 ut
868 1219 1022 1291 similent.

308 1340 407 1412 XIV.
432 1340 506 1411 Sto
526 1338 652 1426 Galba,
679 1336 757 1433 post
783 1336 921 1410 nuntios
943 1337 1158 1411 Germanica
1184 1336 1232 1409 se-

260 1456 413 1545 ditionis,
441 1482 654 1554 quamquam
682 1456 769 1529 nihil
793 1457 906 1530 adhuc
926 1458 971 1528 de
999 1454 1138 1530 Vitellio
1162 1481 1234 1529 cer·

252 1597 350 1664 tum,
378 1576 514 1664 anxius,
538 1575 693 1672 qu6nam
715 1576 927 1649 exercituum
951 1575 1002 1649 vis
1028 1596 1233 1674 erumperet,

260 1720 306 1769 ne
336 1697 484 1769 Urbano
512 1695 656 1792 quidem
683 1694 783 1767 militi
809 1694 968 1786 confisus,
995 1698 1091 1793 quod
1122 1721 1233 1769 reme·

261 1813 359 1887 diurn
386 1815 529 1888 unicum
563 1802 712 1903 rebatur,
747 1813 886 1889 comitia
910 1813 1043 1911 imperii
1071 1815 1234 1912 transigit.

259 1933 517 2032 Adhibitoque,
540 1933 640 2030 super
655 1933 815 2023 Vinium,
840 1959 879 2009 ac
898 1937 1091 2024 Laconem,
1115 1934 1234 2007 Mario

260 2052 373 2140 Celso,
401 2052 539 2128 consule
563 2055 754 2150 defignat0,
782 2078 823 2128 ac
850 2053 1037 2128 Ducennio
1064 2053 1231 2144 Gemino,

262 2171 425 2269 praefeeto
443 2171 565 2262 Urbis,
588 2197 699 2268 pauca
731 2170 889 2268 praesatus
919 2181 947 2216 “
964 2175 1009 2247 de
1034 2173 1092 2248 sus
1119 2174 1232 2246 senec-

261 2299 290 2336 “
307 2313 393 2381 tute,
422 2290 580 2365 Pisonem
608 2287 833 2366 Licinianum
859 2294 999 2367 arcelli''
1022 2291 1150 2390 jubet:
1176 2291 1234 2367 seu

260 2412 400 2510 propria
430 2411 609 2500 electione,
643 2414 724 2501 srve,
758 2434 798 2485 ut
827 2413 972 2510 quidam
1006 2413 1232 2504 tradiderunt,

260 2535 406 2607 Lacone
421 2531 581 2620 instante,
610 2531 680 2620 cui,
709 2533 805 2628 apud
822 2531 1029 2606 Rubellium
1050 2534 1229 2623 Plautum,

260 2651 411 2726 exercita
428 2676 511 2725 cum
532 2649 654 2725 Pisone
676 2651 843 2726 amicitia:
875 2651 932 2724 sed
956 2650 1092 2740 callide,
1117 2672 1155 2724 ut
1177 2651 1231 2750 ig-

210 2862 214 2867 ,
261 2791 398 2860 notum,
423 2769 578 2859 fovebat,
604 2776 637 2844 δε
656 2769 813 2869 prospera
830 2772 875 2843 de
890 2768 1010 2843 Pisone
1033 2769 1126 2845 fama
1146 2796 1232 2843 con-

262 2890 333 2963 filio
343 2889 413 2988 ejus
431 2891 539 2963 fidem
556 2890 744 2963 addiderat.
782 2889 874 2979 Piso,
887 2892 944 2963 M.
957 2891 1076 2963 Crasso
1094 2895 1127 2963 δι
1145 2891 1232 2963 Scri·

261 3010 367 3085 bonia
384 3010 534 3107 genitus,
564 3009 689 3082 nobilis
711 3009 897 3106 utrimque,
928 3012 1027 3082 vultu
1042 3008 1232 3107 habituque

261 3128 365 3203 moris
390 3130 536 3227 antiqui,
567 3127 840 3203 &estimatione
857 3130 945 3201 resta
962 3126 1109 3216 severus,
1135 3129 1231 3201 dete-

259 3247 327 3321 rius
353 3248 655 3345 interpretantibus
684 3247 811 3321 tristior
839 3250 1053 3320 habebatur:
1083 3273 1123 3320 ea
1153 3274 1229 3344 pars

262 3392 402 3441 ntorum
429 3367 513 3465 ejus,
548 3367 619 3464 quo
646 3365 829 3464 suspeslior
855 3367 1018 3456 sollicitis,
1052 3367 1231 3464 adoptanti

261 3487 429 3585 placebat.
465 3556 468 3562 .

309 3609 390 3680 XV.
416 3610 556 3681 Iorrun
573 3610 698 3696 Galba,
729 3608 939 3704 adprehensi
955 3604 1086 3679 Pisonis
1111 3633 1229 3696 manu,

260 3726 297 3805 in
313 3728 407 3799 hunc
426 3729 572 3801 modum
597 3730 731 3800 locutus
754 3726 882 3799 fertur:
918 3733 944 3767 “
962 3727 996 3798 Si
1012 3748 1046 3799 te
1063 3727 1228 3823 privatus,

263 3853 291 3903 ί(
307 3847 385 3951 lege
402 3847 542 3938 curiata,
561 3847 656 3944 apud
672 3846 864 3943 pontifices,
878 3867 914 3924 ut
926 3844 1029 3919 moris
1042 3845 1104 3936 est,
1123 3847 1229 3953 adop.
