3000 5144
356 553 785 629 *Hrsronrnnnu
821 559 929 633 Lra.
971 561 1017 631 ΙΙ.
1095 584 1157 658 ¹31

193 718 292 797 viciis
308 723 508 798 ad'caedem
525 729 700 801 transslre:
721 735 754 802 δι
773 732 937 827 proelium
954 751 1053 803 atrox
1070 727 1161 803 arsrs-

192 838 254 929 set,
278 841 314 913 ni
333 843 412 917 duae
438 846 602 939 praetoriae
620 851 792 938 cohortes,
822 848 956 923 causam
981 851 1163 946 quartade-

191 960 408 1036 cimanorum
429 963 565 1054 secutae,
594 966 646 1038 his
676 969 852 1059 fiduciam,
877 974 910 1042 δι
939 992 1073 1043 metum
1098 973 1161 1043 Ba·

192 1080 279 1153 tavis
306 1079 478 1157 fecissent:
518 1093 545 1126 ‘⁶
564 1088 676 1182 quos''
706 1086 864 1160 Vitellius
896 1089 1074 1185 “agmini
1103 1089 1164 1162 suo

194 1197 376 1298 “jungi,'’
405 1222 442 1274 ut
468 1204 582 1289 fidos3
610 1211 637 1246 “
656 1204 845 1302 legionem,
873 1207 986 1279 Graiis
1012 1206 1162 1303 Alpibus

193 1325 220 1361 “
238 1322 446 1412 traductam,
474 1349 517 1395 eo
539 1327 635 1397 flexu
656 1323 784 1397 itineris
809 1325 882 1398 ire’'
903 1324 1017 1422 jubet,
1045 1334 1071 1368 ‘⁴
1091 1351 1164 1423 quo

190 1439 407 1515 “Viennam
432 1442 578 1517 vitarent
592 1449 627 1515 :''
655 1448 863 1541 namque&
886 1444 1092 1521 Viennenses
1117 1445 1161 1517 ti·

195 1560 389 1633 mebantur.
439 1565 568 1653 Nocle,
599 1565 669 1660 qus
695 1562 971 1659 proficiscebatur
989 1563 1094 1662 legio,
1113 1589 1167 1638 re·

189 1677 276 1750 listis
305 1682 422 1775 passim
446 1680 598 1778 ignibus,
624 1707 701 1778 pars
727 1683 890 1757 Taurinae
914 1683 1060 1759 coloniae
1089 1708 1166 1755 amr·

190 1799 307 1873 busta:
340 1802 437 1896 quod
468 1802 650 1891 damnum,
680 1822 717 1874 ut
749 1803 914 1900 pleraque
949 1802 1030 1874 belli
1057 1803 1162 1893 mala,
1235 1789 1238 1795 .

189 1915 378 2015 majoribus
405 1921 546 1994 aliarum
576 1921 716 1995 urbium
744 1920 902 1994 cladibus
930 1921 1162 1995 obliteratum.

187 2039 505 2134 Quartadecimani,
534 2041 719 2138 postquam
736 2039 887 2136 Alpibus
911 2040 1054 2136 degrelli
1071 2041 1161 2131 sunt,

185 2155 443 2233 seditiosissimus
473 2159 614 2257 quisque
644 2163 738 2257 figna
769 2159 942 2231 Viennam
978 2159 1157 2231 serebant:

186 2277 349 2350 consensu
370 2279 554 2352 meliorum
572 2281 771 2376 compressu
800 2284 834 2351 ἃ
858 2277 951 2376 legio
972 2277 1008 2349 in
1025 2277 1156 2352 Britan·

184 2396 278 2469 niam
296 2397 493 2472 transvesta

232 2518 386 2588 LXVII.
428 2521 633 2593 Pnoxrruus
667 2518 808 2592 Vitellio
841 2544 860 2590 e
895 2517 1060 2614 praetoriis
1101 2542 1161 2591 co·

187 2636 344 2709 hortibus
379 2657 492 2710 metus
525 2657 617 2711 erat:
647 2635 789 2732 separati
820 2636 986 2733 primum,
1019 2636 1160 2729 deinde,

186 2755 304 2829 addito
327 2756 477 2829 honesta
501 2755 666 2830 missionis
685 2756 886 2845 lenimento,
911 2780 1006 2827 arma
1031 2756 1074 2826 ad
1099 2755 1161 2827 tri-

185 2877 302 2946 bunos
329 2875 405 2947 suos
435 2872 656 2947 deserebant:
683 2875 794 2947 donec
823 2894 959 2947 motum
988 2899 1008 2945 a
1033 2871 1162 2968 Vespa·

187 2995 279 3065 srano
303 2996 434 3068 bellum
455 2993 694 3067 crebresceret:
720 3015 810 3082 tum,
832 2993 1002 3089 resumptla
1023 2992 1161 3082 militis,

184 3114 290 3186 robur
311 3114 551 3187 Flavianarum
582 3113 731 3210 partium
757 3111 862 3186 suere.
912 3110 1028 3183 Prima
1052 3113 1159 3182 classi-

184 3257 309 3305 corum
336 3234 426 3331 legio
450 3233 485 3304 in
504 3230 710 3328 Hispaniam
736 3231 846 3321 missa,
874 3251 911 3303 ut
934 3233 1068 3326 pace&
1087 3228 1159 3301 otio

186 3351 398 3425 mitesceret:
434 3351 619 3424 undecima
650 3376 689 3424 ac
724 3349 878 3446 septima,
913 3348 979 3421 suis
1010 3347 1160 3419 hibernis

186 3470 347 3543 redditae:
374 3470 646 3543 tertiadecimani
662 3469 788 3543 struere
800 3465 1155 3564 amphitheatrajulsr:

185 3616 267 3663 nam
289 3590 429 3664 Caecina
452 3591 651 3678 Cremonae,
681 3590 808 3661 Valens
829 3586 1006 3676 Bononiae,
1027 3586 1156 3682 specla-

181 3710 305 3781 culum
322 3710 552 3806 gladiatorum
568 3710 667 3781 edere
684 3709 873 3806 parabant:
901 3730 1094 3802 numquam
1112 3704 1159 3778 ita

183 3829 228 3900 ad
245 3852 342 3900 curas
360 3829 490 3902 intento
507 3826 659 3915 Vitellio,
683 3846 720 3899 ut
737 3828 958 3922 voluptatum
982 3821 1158 3898 oblivisce·

181 3965 283 4020 retur·

627 4063 661 4134 K
687 4087 708 4134 2
