3000 5144
432 593 819 666 Hrsronranuu
854 591 963 664 Lra.
1001 589 1048 662 ΙΙ.
1166 612 1232 689 ¹53

260 764 341 854 aris,
366 763 498 838 inferias
527 765 663 838 Neroni
685 762 839 839 secissetz
875 764 967 838 caesae
996 766 1135 862 publice
1163 767 1235 840 vic·

197 889 200 893 ’
260 884 357 959 timae
374 905 628 982 cremataeque:
664 883 775 958 facem
794 885 1003 984 Augustales
1031 885 1265 958 subdiddrez'

261 1005 360 1102 quod
384 1003 627 1093 sacerdotium,
665 1025 704 1076 ut
733 1005 907 1077 Romulus
934 1003 1039 1076 Tatio
1067 1004 1154 1101 regi,
1190 1004 1239 1077 ita

262 1121 374 1197 Caesar
401 1122 565 1196 Tiberius
590 1121 691 1216 Juliae
725 1123 819 1221 genti
851 1122 1007 1195 sacravit.
1065 1123 1238 1196 Nondum

261 1261 404 1339 quartus
420 1268 440 1315 a
457 1240 597 1314 victoris
622 1245 759 1331 mensls,
786 1246 819 1316 &
837 1242 979 1315 libertus
996 1240 1124 1313 Vitellii
1142 1245 1236 1315 Asia·

262 1362 364 1450 ticus,
394 1362 604 1456 Polycletus,
637 1360 831 1449 Patrobios,
869 1366 903 1433 &
930 1380 1046 1433 vetera
1075 1361 1239 1433 odiorum

256 1479 405 1571 ¹nomina
431 1482 600 1575 aequabat.
649 1482 768 1552 Nemo
795 1480 832 1551 in
861 1479 918 1553 illa
948 1481 1039 1568 auls,
1066 1470 1240 1576 psobitate

263 1620 323 1673 aut
350 1598 514 1672 industrias
542 1598 706 1671 certavit:
735 1625 846 1671 unum
871 1600 917 1671 ad
946 1598 1134 1694 potentiam
1160 1598 1238 1687 iter,

266 1718 420 1815 prodigis
437 1719 561 1814 epulis,
589 1716 781 1813 &sumptu
807 1722 984 1816 ganeasque
1007 1716 1121 1790 satiare
1140 1717 1238 1789 inex·

265 1836 406 1933 plebiles
435 1836 569 1910 Vitellii
596 1836 766 1909 libidines.
815 1835 890 1932 lpse
919 1838 1058 1911 abunde
1086 1858 1191 1926 ratus,
1217 1840 1240 1908 st

265 1955 485 2052 presentibus
507 1953 687 2043 frueretur,
713 1980 778 2029 nec
807 1955 843 2027 in
870 1955 1009 2052 longius
1032 1955 1239 2045 consultans,

263 2075 382 2148 novies
409 2074 532 2148 millies
548 2074 739 2147 sestertillm
756 2074 963 2172 pauciffimis
987 2075 1160 2147 mensibus
1187 2074 1240 2145 in·

263 2193 447 2268 tervertilse
464 2193 627 2267 creditur.
677 2197 862 2291 Magna&
882 2193 1001 2266 misera
1022 2191 1154 2282 civitas,
1181 2219 1239 2266 eo·

262 2316 344 2387 dem
359 2338 451 2386 anno
466 2315 645 2386 Othonem
664 2313 915 2413 Vitelliumque
939 2315 1044 2410 passa,
1071 2314 1159 2386 inter
1177 2312 1241 2384 Vi-

263 2433 352 2521 mos,
380 2431 521 2522 Fabios,
548 2435 671 2522 Icelos,
698 2433 879 2524 Afiaticos,
910 2434 1003 2507 varii
1020 2439 1053 2508 δι
1072 2435 1236 2532 pudendd

264 2551 352 2625 sorte
367 2553 518 2648 agebat3
545 2552 659 2624 donec
676 2549 861 2626 successere
885 2554 1123 2628 Mucianus&
1141 2558 1241 2628 Mar·

265 2672 387 2761 cellus,
412 2674 445 2742 &
464 2671 574 2769 magis
590 2671 646 2744 alii
663 2671 833 2762 homines,
860 2674 968 2770 quam
983 2673 1038 2747 alii
1055 2699 1177 2747 mores.

313 2792 445 2864 XCVI.
469 2793 605 2862 Purus
631 2791 771 2863 Vitellio
789 2799 816 2834 “
834 2791 941 2865 tertiae
959 2791 1105 2889 legionis
1127 2792 1241 2866 desec-

266 2917 294 2953 “
312 2911 386 3003 tio''
400 2910 588 2999 nuntiatur,
613 2910 716 2982 missis
732 2913 777 2984 ab
797 2911 939 3008 Aponio
955 2912 1140 2984 Saturnino
1156 2912 1242 3008 epis·
1327 2988 1330 2993 ,

265 3029 356 3119 tolis,
380 3050 568 3126 antequam
590 3029 617 3102 is
633 3055 775 3127 quoque
792 3030 983 3127 Vespasiani
1009 3030 1163 3126 partibus
1181 3057 1243 3128 ag·

267 3169 475 3246 gregaretur.
524 3151 590 3221 Sed
616 3174 729 3246 neque
758 3149 916 3246 Aponius
944 3152 1080 3238 cunda,
1106 3170 1144 3222 ut
1175 3171 1243 3222 tre·

269 3269 393 3364 pidans
409 3294 444 3341 re
460 3266 581 3357 subits,
608 3267 836 3365 perscripserat
851 3298 862 3355 ;
889 3274 922 3342 &
938 3269 1038 3342 amici
1052 3271 1241 3358 adulantes,

267 3388 411 3460 mollius
437 3388 772 3484 interpretabantur:
806 3397 832 3430 “
862 3389 963 3461 unius
995 3388 1141 3487 legionis
1167 3414 1244 3461 eam

268 3514 296 3550 “
312 3507 513 3580 seditionem
528 3536 539 3594 3
568 3507 689 3580 ceteris
705 3507 907 3580 exercitibus
929 3507 1081 3580 constare
1098 3508 1243 3579 fidem.''

267 3630 309 3701 In
324 3630 419 3700 hunc
436 3629 583 3699 modum
605 3626 709 3700 etiam
731 3627 889 3699 Vitellius
914 3629 1008 3722 apud
1032 3625 1156 3699 milites
1176 3626 1242 3699 dis·

268 3746 381 3837 seruit,
413 3745 634 3843 praetorianos
661 3772 770 3842 nuper
786 3748 1021 3819 exauderatos
1049 3745 1241 3835 insestatus,

269 3875 336 3939 “a
364 3866 489 3964 quibus
518 3862 617 3936 salsos
643 3891 800 3937 rumores
827 3863 1002 3962 dispergi;
1037 3890 1101 3939 nec
1130 3867 1243 3941 ullum

269 3991 296 4030 “
313 3985 424 4063 civilis
443 3984 525 4057 belli
542 3985 701 4057 metum”
717 3981 948 4073 adseverabat,
972 3981 1147 4081 suppreffo
1159 3984 1242 4059 Ves-
