3000 5144
342 656 387 730 70
548 633 884 705 CConnanu
922 625 1127 702 Tncrrr

341 810 369 846 “
387 803 555 877 exercitus
571 807 696 877 habet:
727 801 855 876 senatus
873 800 1050 874 nobiscum
1067 800 1127 873 est.
1176 798 1230 872 Sic
1248 799 1301 886 fit,

341 928 369 963 “
388 943 425 993 ut
450 922 531 993 hinc
551 921 752 1016 respublica,
777 922 858 994 inde
881 920 993 992 hostes
1009 917 1203 1015 reipublicae
1220 942 1303 989 eon·

341 1047 368 1082 “
386 1040 537 1110 stiterint.
586 1040 705 1136 Quid?
739 1066 801 1112 vos
825 1037 1089 1136 pulcherrimam
1116 1038 1205 1108 hanc
1233 1037 1301 1106 Ur-

340 1166 367 1200 “
386 1161 480 1245 bem,
511 1157 723 1230 domibus&
751 1158 860 1245 teslis,
889 1162 922 1230 δι
945 1155 1109 1253 congestu
1133 1154 1302 1251 lapidum,

338 1278 469 1348 “stare
497 1275 659 1347 creditis?
711 1280 814 1348 Muta
841 1275 960 1349 ista&
989 1274 1141 1346 inanima
1165 1270 1307 1344 interci-.

239 1417 243 1424 ·
340 1400 369 1436 “
386 1395 480 1481 dere,
500 1420 539 1466 ac
557 1393 703 1489 reparari
722 1393 914 1489 promiscua
936 1393 1033 1465 sunt:
1061 1391 1226 1465 aeternitas
1250 1414 1302 1460 re·

339 1521 367 1555 “
386 1539 475 1600 rum,
501 1516 620 1607 &pax
639 1512 809 1608 gentium,
829 1519 861 1585 δι
880 1537 956 1583 mea
972 1537 1052 1583 cum
1070 1511 1181 1583 vestrzl
1202 1507 1302 1596 salus,

339 1631 618 1703 “incolumitate
649 1630 781 1702 senatsrs
816 1631 981 1702 firmatur.
1047 1632 1156 1702 Hunc
1194 1626 1303 1722 auspi-

340 1748 498 1821 “cattia
524 1769 659 1845 parente
684 1753 716 1819 &
742 1749 920 1820 'conditore
937 1747 1045 1822 Urbis
1069 1747 1189 1819 nostrae
1211 1744 1305 1817 insti-

341 1874 369 1909 “
386 1887 514 1956 tutum,
541 1873 573 1939 ἃ
600 1893 619 1938 a
642 1867 777 1963 regibus
802 1866 906 1962 usque
934 1867 978 1937 ad
1002 1865 1177 1961 Principes
1195 1864 1309 1936 conti.

340 1994 366 2027 “
386 2013 508 2073 nuum,
540 1991 572 2058 ὅ(
593 1985 838 2074 immortalem,
866 1989 948 2057 ficut
964 2010 984 2056 a
1002 1981 1183 2080 majoribus
1206 2008 1303 2055 acce·

340 2111 367 2145 “
386 2104 510 2198 pimus,
537 2108 579 2175 fic
604 2103 747 2199 posteris
764 2105 948 2175 tradamus.
998 2104 1094 2174 Nam
1110 2121 1148 2171 ut
1174 2126 1218 2172 ex
1242 2128 1303 2173 vo-

341 2222 439 2293 “bis
467 2222 646 2309 senatores,
673 2220 720 2291 ita
738 2246 782 2292 ex
805 2220 1014 2293 senatoribus
1030 2218 1207 2315 Principes
1231 2218 1303 2292 nas-

341 2346 368 2382 “
386 2342 545 2412 cuntur.''

383 2460 572 2530 LXXXV.
600 2461 659 2530 EA
692 2458 802 2530 oratio
830 2458 873 2530 ad
907 2458 1185 2555 perstringendos
1213 2459 1304 2530 mul·

337 2575 531 2672 cendosque
559 2576 710 2649 militum
738 2578 883 2666 animos,
915 2582 947 2649 δι
976 2575 1156 2648 severitatis
1182 2578 1306 2648 modus

340 2700 471 2792 (neque
488 2695 580 2767 enim
598 2695 633 2766 in
652 2697 778 2790 plures,
797 2698 903 2791 quam
925 2696 960 2767 in
978 2696 1067 2766 duos
1082 2694 1305 2767 animadverti

331 2813 486 2912 jusserat)
515 2814 610 2912 grate
635 2835 790 2910 accepta,
818 2814 1066 2911 compositique
1082 2815 1125 2885 ad
1141 2800 1303 2909 praesens,

338 2934 398 3028 qui
433 2933 583 3006 coerceri
617 2959 687 3004 non
723 2954 891 3029 poterant.
953 2935 1037 3004 Non
1063 2954 1178 3004 tamen
1208 2931 1305 3028 quies

337 3052 447 3123 Urbis
474 3051 635 3123 redierat:
666 3052 822 3147 strepitus
848 3054 1008 3140 telorum,
1038 3056 1070 3123 ἃ
1098 3050 1199 3124 facies
1224 3051 1305 3124 belli

336 3190 429 3243 erat:
457 3169 636 3257 militibus,
656 3190 692 3241 ut
717 3170 802 3241 nibil
818 3169 852 3241 in
870 3196 1055 3242 commune
1075 3169 1305 3259 turbantibus,

337 3290 386 3361 ita
402 3290 515 3385 sparsis
533 3316 594 3384 per
610 3290 748 3378 domos,
779 3292 915 3362 occulto
939 3289 1072 3378 habitu,
1103 3296 1135 3362 δε
1153 3290 1305 3386 maligna

339 3412 419 3481 curs
438 3408 472 3479 in
489 3433 621 3497 omnes,
646 3435 733 3506 quos
757 3408 930 3496 nobilitas,
961 3429 1018 3480 aut
1040 3434 1136 3505 opes,
1166 3429 1224 3480 aut
1241 3407 1303 3478 ali·

337 3553 405 3623 qua
433 3527 570 3623 insignis
596 3527 766 3600 claritudo
789 3527 985 3599 rumoribus
1012 3525 1192 3622 objecerat.
1242 3527 1303 3597 Vi·

335 3644 491 3716 tellianos
508 3671 649 3741 quoque
663 3645 788 3717 milites
804 3645 932 3717 venisse
953 3645 989 3716 in
1007 3647 1159 3733 Urbem,
1177 3646 1220 3716 ad
1236 3645 1305 3716 stu-

337 3761 396 3833 dia
409 3762 557 3856 partium
577 3763 758 3850 noscenda,
783 3764 935 3860 plerique
953 3766 1149 3836 credebant.
1199 3764 1306 3836 Unde

339 3881 442 3975 plena
459 3881 576 3951 omnia
599 3879 843 3977 suspicionum,
863 3889 896 3955 sc
915 3883 976 3954 vix
992 3883 1117 3954 secreta
1133 3883 1305 3953 domuum

338 4001 405 4071 sine
439 3997 640 4071 formidine:
684 3998 741 4071 sed
774 4000 963 4096 plurimum
996 3999 1231 4099 trepidationis
1269 3999 1306 4071 in
