3000 5144
333 587 380 663 49
510 561 1092 633 ecormstu‘rscm

333 736 461 805 banus:
499 755 629 805 certant
658 734 914 806 adulationibus
943 733 1045 805 ceteri
1070 730 1299 826 magistratus,

332 853 535 922 Adcurrunt
550 873 680 946 patres:
711 853 904 924 decernitur
916 850 1048 924 Othoni
1076 856 1104 891 “
1121 849 1303 920 tribunicia

335 978 361 1010 “
381 971 538 1064 potestas,
565 974 598 1041 ἃ
616 997 743 1042 nomen
762 970 925 1067 Augusti,
957 975 990 1040 ὅτ
1017 993 1137 1040 omnes
1169 966 1299 1038 Princi-

334 1095 361 1130 “
381 1115 465 1183 pmn
499 1091 684 1177 honores,”
725 1089 957 1161 adnitentibus
996 1086 1127 1159 cunstis
1163 1086 1300 1157 abolere

331 1206 488 1278 convicia
515 1232 553 1277 ac
578 1210 715 1302 probra,
742 1235 818 1304 quae
842 1206 1030 1303 promiscue
1047 1203 1151 1303 jada,
1175 1205 1300 1274 haesrsse

331 1325 448 1396 animo
463 1323 532 1420 ejus
550 1351 652 1396 nemo
666 1324 782 1396 sensit:
809 1325 966 1396 omififfet
985 1322 1141 1410 offensas,
1161 1348 1205 1393 an
1228 1320 1294 1393 dis-

331 1444 468 1532 tuIiII'ct,
496 1444 658 1516 brevitate
683 1444 819 1540 imperii
847 1443 883 1513 in
906 1443 1034 1514 incerto
1061 1440 1136 1513 suit.
1185 1441 1297 1526 Otho,

332 1584 474 1637 cruento
503 1565 616 1633 adhuc
643 1559 733 1650 foro,
766 1587 826 1656 per
855 1561 1002 1656 stragem
1028 1558 1233 1656 jacentium,
1262 1557 1297 1631 in

330 1680 557 1775 Capitolium,
576 1701 680 1775 atque
699 1679 778 1750 inde
797 1678 832 1748 in
849 1679 1013 1774 palatium
1028 1681 1158 1766 vestus,
1174 1685 1201 1718 “
1213 1703 1297 1748 con·

331 1799 452 1870 “cedi
479 1824 622 1893 corpora
651 1797 842 1893 sepulturae,
871 1797 1107 1892 cremarique‘’
1136 1794 1296 1891 permisit.

329 1915 489 1988 Pisonem
507 1916 651 1988 Verania
667 1942 768 2004 uxor,
787 1940 826 1987 ac
851 1913 953 1987 frater
975 1913 1228 2000 Scribonianus,
1248 1913 1295 1983 T.

329 2036 472 2107 Vinium
496 2034 650 2129 Crispina
695 2034 765 2105 filia
801 2031 1037 2127 composudre,
1069 2031 1214 2127 quaefitis
1245 2056 1296 2102 re·

307 2151 546 2247 demptisque
574 2151 757 2246 capitibus,
788 2178 866 2247 quae
899 2150 1031 2221 venalia
1064 2148 1295 2221 interfectores

328 2268 552 2343 servaverant.

376 2389 544 2458 XLVIII.
572 2391 662 2459 Prso
682 2413 792 2458 mmm
822 2393 854 2459 &
883 2387 1091 2460 tricesimum
1109 2388 1216 2462 aetatis
1233 2414 1292 2461 an-

328 2531 412 2577 num
431 2507 604 2600 explebat,
623 2502 713 2576 sams
731 2506 884 2593 meliore,
903 2508 1010 2600 quam
1027 2505 1173 2579 fortunas.
1210 2510 1292 2579 Fra-

327 2643 392 2694 tres
410 2621 479 2719 ejus
496 2626 671 2719 Magnum
689 2624 868 2710 Claudius,
899 2624 1056 2696 Crassum
1075 2628 1173 2700 Nero
1190 2627 1294 2698 inter-

328 2739 489 2813 fecerant.
541 2741 613 2836 Ipse
630 2741 689 2812 diu
707 2739 815 2830 exsul,
846 2743 1028 2838 quatriduo
1055 2745 1181 2833 Caesar,
1214 2769 1291 2840 pro-

327 2863 441 2956 peratst
471 2860 671 2954 adoptione,
706 2861 751 2932 ad
783 2862 849 2933 hoc
883 2882 1016 2934 tanturn
1051 2860 1170 2958 majori
1199 2861 1293 2934 fratri

327 2980 485 3073 praelatus
501 2977 563 3065 est,
582 2997 618 3048 ut
636 2979 729 3073 prior
745 2979 966 3052 occideretur.
991 2982 1037 3052 T.
1051 2980 1171 3052 Vinius
1189 2981 1290 3076 quin-

326 3095 493 3191 quaginta
514 3096 641 3191 septem
658 3122 764 3169 annos
782 3097 881 3169 variis
901 3100 1054 3171 moribus
1070 3099 1153 3196 egit.
1194 3102 1293 3171 Pater

327 3214 375 3284 illi
392 3240 411 3285 e
429 3215 587 3310 praetorift
605 3214 745 3303 familia,
760 3235 933 3288 maternus
950 3243 1035 3289 avus
1052 3244 1070 3290 e
1088 3218 1292 3313 proscriptis.

325 3333 441 3404 Primst
470 3333 591 3405 militis
626 3332 773 3422 infamis,
798 3337 951 3432 legatum
985 3337 1169 3409 Calvinum
1195 3337 1290 3410 Sabi-

325 3477 411 3523 num
429 3454 609 3524 habuerat:
636 3450 732 3549 cujus
749 3479 850 3542 uxor,
876 3455 967 3525 malst
984 3455 1145 3550 cupidine
1161 3452 1290 3526 visendi

324 3573 424 3640 situm
443 3569 645 3658 castrorum,
675 3598 733 3667 per
762 3575 901 3644 nostem
930 3572 1067 3645 militari
1096 3574 1214 3646 habitu
1238 3573 1291 3644 in·

327 3689 447 3789 gressa,
478 3687 560 3758 cunt
588 3688 721 3784 vigilias
751 3695 784 3761 δι
814 3711 928 3762 cetera
954 3690 1083 3763 militiae
1101 3692 1219 3764 munia
1234 3695 1288 3763 ea-

324 3803 406 3874 dem
424 3802 557 3875 lascivi&
576 3808 778 3894 temerasset,
795 3808 831 3878 in
848 3807 925 3903 ipsis
942 3807 1115 3905 principiis
1133 3809 1291 3906 stuprum

323 3919 423 3993 ausa:
455 3922 660 4001 &criminis
678 3921 777 4018 hujus
805 3950 881 3998 reus
913 3927 960 4000 T.
978 3926 1100 4002 Vinius
1120 3931 1289 4028 argueba-
