3000 5144
417 551 829 628 Hrsrortrsnun
861 557 1044 629 Lrn.ll.
1145 582 1210 657 119

243 718 278 791 in
306 719 484 794 Vitellium
510 724 723 798 contumeliis
749 724 910 822 insignes,
936 727 1074 797 abolet:
1102 751 1207 822 pecu·

242 839 314 912 nias
326 840 508 930 distribuit,
533 843 647 937 parce,
664 868 727 917 nec
745 862 783 915 ut
800 843 976 940 periturus.
1025 846 1118 917 Mox
1136 847 1208 919 Sal·

241 956 340 1030 vium
364 960 612 1049 Cocceianum,
640 959 751 1034 fratris
775 963 901 1051 filium,
932 960 1207 1058 primsjuventa,

239 1078 463 1174 trepidum&
483 1099 692 1162 maerentem,
717 1083 806 1153 ultro
818 1079 940 1154 solatus
952 1081 1012 1170 est,
1035 1082 1208 1155 laudando

240 1199 268 1236 “
286 1195 472 1291 pietatem’'
511 1197 594 1294 ejus,
631 1199 829 1297 castigando
864 1208 891 1242 “
920 1200 1141 1273 formidinem
1162 1202 1204 1272 :’'

239 1320 265 1356 “
284 1340 327 1386 an
340 1316 518 1388 Vitellium
536 1338 607 1389 tam
624 1316 766 1389 immitis
782 1318 887 1390 animi
905 1318 989 1408 fote,
1013 1341 1052 1392 ut
1070 1345 1134 1415 pro
1150 1319 1203 1391 in·

240 1438 267 1474 “
286 1433 414 1505 columi
431 1437 502 1507 tots
522 1436 645 1523 domo,
663 1462 707 1507 ne
719 1438 806 1509 hanc
824 1437 965 1532 quidem
983 1437 1042 1510 fibi
1061 1436 1207 1534 gratiam

240 1557 268 1592 “
286 1552 469 1625 redderet?
500 1553 620 1625 mereri
645 1553 678 1626 se
695 1553 851 1627 festinato
868 1555 962 1627 exitu
984 1555 1206 1629 clementiam

240 1675 267 1713 “
285 1670 433 1743 vidoris.
483 1673 568 1743 Non
596 1672 689 1744 enim
716 1674 837 1745 ultimal
865 1671 1109 1769 desperatione,
1146 1673 1204 1746 sed

238 1794 266 1830 “
284 1787 442 1885 poscente
459 1790 622 1885 proelium
638 1792 804 1880 exercitu,
832 1793 989 1864 remisisse
1005 1791 1203 1887 reipublicae

239 1913 266 1950 “
285 1908 504 1980 novissimum
537 1907 661 1982 casum.
719 1909 805 1981 Satis
839 1908 898 1981 srbi
932 1909 1094 1998 nominis,
1128 1909 1204 1984 satis

238 2025 423 2122 “posteris
449 2024 515 2099 suis
540 2027 726 2100 nobilitatis
751 2033 956 2125 quaesitum:
986 2030 1061 2125 post
1077 2029 1201 2123 Julios,

235 2150 263 2186 “
279 2145 456 2236 Claudios,
479 2145 625 2234 Servios,
639 2144 672 2218 se
682 2145 832 2242 primum
843 2145 878 2218 in
894 2143 1059 2221 familiam
1072 2172 1202 2221 novam

236 2262 466 2358 “imperium
490 2263 661 2338 intulisse:
693 2265 837 2361 proinde
857 2267 971 2338 eredto
998 2267 1115 2340 animo
1142 2293 1200 2342 ca·

236 2388 264 2424 “
283 2384 438 2481 pelleret·
463 2381 584 2471 vitam,
628 2409 696 2455 neu
729 2403 888 2478 patmum
928 2384 989 2458 fibi
1025 2387 1201 2458 Othonem

235 2507 263 2544 “
280 2499 390 2590 fuiffe,
415 2519 473 2574 aut
490 2499 741 2575 oblivisceretur
759 2528 941 2600 umquam,
969 2525 1027 2576 aut
1049 2503 1198 2577 nimium

236 2626 263 2662 “
281 2619 520 2693 meminiffet.’'

281 2740 416 2813 XLIX.
441 2743 539 2813 Posr
557 2767 649 2838 qua,
678 2740 818 2814 dimotis
834 2741 1011 2829 omnibus,
1041 2743 1196 2838 paullum
1243 2808 1248 2831 ,

232 2858 422 2955 requievit:
452 2880 555 2956 atque
572 2860 684 2949 illum,
702 2856 954 2957 supremasjam
967 2885 1062 2931 curas
1078 2860 1196 2933 animo

230 2979 456 3066 volutantem,
474 3003 594 3074 repens
610 2981 779 3051 tumultus
793 2976 926 3065 avertit,
941 2976 1093 3049 nuntiat&
1110 3003 1192 3050 con-

229 3097 433 3169 sternatione
449 3122 488 3169 ac
507 3096 641 3169 licentia
659 3097 833 3169 militum:
864 3121 1015 3191 namque
1038 3096 1195 3168 abeunti-

230 3217 295 3287 bus
320 3214 467 3288 exitium
493 3215 758 3299 minitabantur3
785 3214 987 3286 atrocissimas
1016 3213 1051 3284 in
1070 3215 1192 3311 Vergi-

231 3333 328 3406 nium
354 3332 404 3422 vi,
433 3358 538 3430 quem
563 3334 676 3405 clausa
700 3334 808 3404 domo
836 3333 1061 3404 obsidebant:
1085 3334 1193 3405 incre·

226 3451 306 3550 pitis
330 3451 499 3525 seditionis
526 3452 725 3524 audoribus
750 3451 929 3546 regressus,
956 3450 1090 3521 vacavit
1111 3454 1193 3523 abe·

225 3571 363 3645 untium
380 3571 565 3667 adloquiis,
593 3571 704 3641 donec
722 3594 841 3641 omnes
862 3567 1016 3638 inviolati
1032 3568 1192 3664 digrede-

225 3710 351 3762 rentur.
409 3685 667 3785 vesperascente
692 3688 762 3774 die,
799 3686 887 3758 sitim
920 3685 1038 3757 haustu
1068 3686 1192 3783 gelida

224 3833 323 3903 aquae
360 3808 513 3881 sedavit:
547 3829 623 3880 tum
651 3805 771 3877 adlatis
799 3804 1007 3902 pugionibus
1038 3804 1190 3896 duobus,

224 3927 306 4001 eum
330 3947 517 4025 utrumque
542 3927 769 4025 pertentasset,
803 3924 949 3998 alterum
977 3921 1081 4021 capiti
1113 3921 1190 4004 sub·

725 4043 792 4136 14
