3000 5144
406 591 810 668 Hrsrontnnunt
842 597 954 670 Lrs.
988 595 1017 669 Ι.
1164 622 1203 696 71

242 763 394 859 publico.
443 767 495 836 Ut
524 791 697 862 quemque
730 768 888 840 nuntium
917 767 1008 840 fama
1036 768 1208 857 attuliffet,

242 882 399 954 animum
416 885 624 979 vultumque
645 890 810 973 convetu,
836 911 879 957 ne
902 887 1056 958 diffidere
1079 885 1207 973 dubiis,

239 1026 280 1073 ac
304 1026 425 1096 parum
454 1004 604 1098 gaudere
632 1001 797 1100 prosperis
821 1004 1026 1075 viderentur.
1076 1005 1208 1076 Coallo

239 1118 323 1190 verb
339 1119 373 1190 in
391 1119 522 1191 curiam
534 1119 663 1209 senatu,
682 1123 805 1193 arduus
824 1147 936 1194 rerunt
956 1122 1113 1192 omniurn
1133 1146 1208 1193 mo·

237 1237 317 1325 dus,
345 1262 390 1308 ne
414 1259 604 1310 contumax
622 1240 802 1327 filentium,
828 1266 870 1311 ne
887 1238 1035 1335 suspedla
1060 1241 1206 1312 libertas·

239 1355 286 1426 Et
314 1353 449 1448 privato
474 1357 605 1428 Othoni
636 1383 756 1453 nuper,
783 1378 886 1453 atque
915 1359 1035 1429 eadem
1061 1357 1205 1446 dicenti,

236 1491 318 1543 nota
349 1473 512 1546 adulatio.
561 1477 672 1571 Igitur
699 1476 826 1548 versure
856 1476 1047 1564 sententias,
1079 1481 1111 1547 ἃ
1137 1479 1206 1549 huc

239 1611 345 1686 atque
374 1591 454 1665 illuc
482 1614 657 1689 torquere,
695 1603 720 1636 “
745 1595 878 1666 hostem
913 1600 945 1666 &
977 1595 1206 1690 parricidam’'

236 1708 415 1782 Vitellium
450 1733 624 1786 vocantes.
700 1713 1014 1785 Providentiffimus
1048 1712 1205 1809 quisque,

235 1827 437 1924 vulgaribus
465 1830 653 1915 conviciis;
692 1830 850 1927 quidam,
887 1856 967 1902 vera
997 1834 1124 1927 probra
1149 1829 1203 1927 ja·

234 1969 325 2034 cere,
355 1946 391 2017 in
418 1950 569 2020 clamore
599 1971 729 2037 tamen,
756 1955 789 2022 &
813 1949 874 2021 ubi
899 1949 1057 2044 plurimae
1086 1974 1203 2039 voces,

232 2083 291 2139 aut
308 2068 460 2137 tumultu
476 2071 661 2139 verborum
677 2067 736 2140 fibi
751 2066 809 2163 ipsr
824 2068 1069 2162 obstrepentes.

279 2185 487 2257 LXXXVI.
524 2189 724 2258 Pnonrotn
753 2187 907 2282 insuper
927 2190 1113 2274 terrebant,
1147 2186 1201 2257 di-

232 2306 332 2373 versrs
358 2303 555 2376 aueloribus
583 2307 734 2402 vulgata.
786 2309 871 2377 “ln
899 2306 1068 2378 vestibulo
1097 2303 1202 2400 Capi·

233 2428 260 2462 “
278 2421 365 2509 tolli,
394 2422 531 2495 omiffas
560 2426 708 2495 habenas
733 2423 839 2520 biga,
863 2425 918 2497 cui
936 2424 1088 2496 Vidoria
1106 2424 1200 2496 insti-

232 2546 260 2581 “
279 2561 384 2611 terat:
412 2542 557 2636 erupille
571 2544 656 2614 cella
674 2542 834 2634 Junonis,
860 2541 1025 2639 majorem
1049 2546 1200 2614 humand

230 2664 257 2699 “
273 2657 445 2754 speeiem:
477 2659 622 2731 statuam
641 2660 714 2730 divi
739 2661 836 2753 Julii,
866 2663 901 2731 in
920 2661 1025 2734 insulis
1041 2660 1200 2733 Tiberini

232 2782 261 2818 “
278 2781 403 2866 amnis,
432 2777 549 2850 sereno
574 2784 606 2850 ἃ
626 2779 774 2850 immoto
791 2779 861 2866 die,
886 2782 931 2850 ab
955 2779 1146 2851 Occidente
1162 2779 1201 2851 in

228 2896 451 2968 “Orientem
484 2895 706 2968 conversum:
744 2899 962 2991 prolocutum
994 2896 1031 2967 in
1066 2898 1198 2969 Etruria

229 3022 256 3057 “
276 3018 426 3087 bovem:
457 3014 606 3087 insolitos
632 3016 832 3086 animalium
862 3017 1022 3110 partus:”
1044 3019 1076 3085 ὃ(
1103 3018 1201 3110 plura

227 3133 306 3223 alia,
324 3135 465 3206 rudibus
479 3133 619 3221 saeculis,
638 3133 740 3205 etiam
760 3133 793 3204 in
811 3159 894 3228 pace
910 3133 1099 3222 observata,
1120 3160 1198 3230 quae

227 3279 319 3326 nunc
338 3252 472 3325 tantum
497 3252 531 3322 in
549 3272 642 3323 metu
660 3252 857 3323 audiuntur.
907 3254 972 3323 Sed
990 3252 1195 3348 praecipuus,

228 3376 261 3444 δι
287 3397 367 3443 cum
397 3369 549 3466 praesenti
581 3370 700 3457 exitio,
729 3370 832 3441 etiarn
859 3369 965 3441 futuri
992 3397 1112 3465 pavor,
1143 3369 1197 3442 su·

228 3490 298 3562 bita
310 3489 532 3562 inundatione
544 3489 703 3561 Tiberis:
729 3487 788 3585 qui
806 3487 972 3559 immenso
984 3491 1100 3574 anun,
1116 3513 1195 3584 pro-

226 3631 305 3681 ruto
331 3630 435 3705 ponte
450 3608 613 3696 Sublieio‚
641 3634 679 3679 ac
704 3607 812 3703 strage
832 3606 993 3677 obstantis
1018 3607 1119 3677 molis
1144 3632 1194 3677 re·

226 3727 330 3817 fusus,
355 3754 425 3799 non
443 3726 548 3798 modi)
559 3725 708 3823 jacentia
727 3730 758 3796 ἃ
778 3729 879 3821 plana
896 3725 1003 3797 Urbis
1021 3728 1111 3815 loca,
1136 3725 1194 3798 sed

224 3844 337 3918 secura
353 3844 548 3942 hujusmodi
567 3844 703 3918 casuum
721 3845 890 3941 implevit.
940 3845 1045 3941 Rapti
1069 3871 1087 3917 e
1105 3848 1194 3941 pub-

226 3964 295 4040 lico
311 3966 481 4063 plerique,
498 3966 611 4061 plures
629 3964 664 4035 in
682 3965 827 4036 tabernis
847 3969 879 4038 &
899 3964 1071 4038 eubilibus
1089 3965 1191 4037 inter·

666 4084 696 4154 F
720 4112 745 4175 4
