3000 5144
325 581 393 654 134
529 557 571 631 C.
610 555 876 630 Conuenit
914 556 1115 631 Txc1rt

319 738 397 822 bus,
419 734 493 805 dira
510 735 667 807 vallitas:
696 760 762 809 nec
782 735 895 808 minlts
912 735 1099 808 inhumana
1117 760 1193 832 pars
1210 734 1288 824 viae,

318 878 425 950 quam
454 854 699 927 Cremonenses
725 856 824 927 lauru
853 855 998 952 rosisque
1019 855 1287 944 constraverant,

316 972 492 1046 exstruc‘lis
518 974 693 1062 altaribus,
720 973 877 1070 caefisque
900 974 1060 1065 vidimis,
1090 973 1224 1070 regium
1252 973 1287 1045 in

317 1116 473 1165 morem:
496 1118 573 1188 quae
591 1092 712 1164 laetain
727 1092 885 1189 praesens,
905 1119 988 1166 mox
1006 1093 1191 1190 perniciem
1210 1094 1287 1189 ipsrs

319 1209 442 1284 secere.
493 1212 647 1283 Aderant
664 1215 791 1284 Valens
814 1212 1017 1301 &Caecina,
1037 1212 1287 1285 monstrabant-

318 1357 387 1428 que
412 1357 538 1429 pugnae
559 1332 677 1402 locos:
706 1339 732 1373 “
752 1330 832 1403 hinc
857 1332 999 1427 erupisse
1023 1331 1201 1429 legionum
1225 1355 1288 1427 ag·

321 1458 350 1493 “
367 1477 463 1538 men,
502 1449 584 1521 hinc
613 1450 744 1545 equites
771 1471 928 1523 coortos:
961 1449 1041 1523 inde
1070 1447 1290 1523 circumfusas

322 1576 349 1611 ‘⁶
367 1568 577 1640 auxiliorum
604 1571 761 1641 manus.”
809 1572 889 1663 Jam
907 1569 1034 1642 tribuni
1052 1568 1289 1666 praefeffique,

318 1687 376 1762 sua
392 1687 533 1786 quisque
555 1687 643 1759 fatu
660 1691 876 1777 extollentes,
902 1686 995 1776 salsa,
1014 1713 1108 1777 vera,
1141 1710 1197 1761 aut
1216 1712 1290 1762 ma·

313 1806 392 1906 jota
419 1833 502 1879 vero
539 1805 737 1879 miscebant.
786 1809 921 1905 Vulgus
949 1832 1090 1904 quoque
1122 1807 1290 1897 militum,

321 1929 471 2002 clamore
496 1931 528 1998 δε
548 1927 691 2024 gaudio,
715 1928 897 2000 desleclere
915 1927 984 2016 vil,
1010 1926 1116 2022 spatia
1131 1927 1290 1999 certami-
1397 2017 1399 2020 Ι

321 2073 407 2120 num
426 2045 679 2142 recognoscere,
697 2073 858 2145 aggerem
876 2072 1068 2136 armorum,
1091 2046 1197 2118 strues
1215 2071 1290 2119 cor-

322 2192 449 2263 porum
472 2166 610 2254 intueri,
636 2166 760 2238 mirari.
812 2169 859 2238 Et
881 2186 990 2254 erant,
1010 2190 1096 2263 quos
1114 2165 1207 2237 varia
1223 2164 1294 2237 sors

321 2309 450 2370 rerum,
481 2284 699 2380 lacrimaeque
738 2290 771 2358 &
806 2283 1036 2357 misericordia
1066 2282 1215 2357 subiret:
1254 2304 1291 2356 at

320 2428 392 2475 non
420 2402 577 2474 Vitellius
604 2402 700 2475 flexit
725 2405 878 2493 occulos,
907 2428 971 2476 nec
998 2423 1057 2507 tot,
1073 2384 1182 2475 millia
1207 2402 1292 2476 inse-

320 2523 497 2619 pultorum
524 2521 652 2593 civium
675 2522 877 2594 exhorruit:
906 2523 1003 2596 laetus
1025 2524 1131 2613 ultr0,
1159 2530 1192 2595 δι
1222 2542 1294 2595 tarn

322 2640 528 2738 propinquae
551 2638 644 2712 sortis
663 2639 813 2737 ignarus,
840 2640 1045 2715 instaurabat
1073 2641 1204 2715 sacrum
1228 2641 1294 2714 diis

325 2760 406 2832 loci.

349 2882 485 2952 LXXI.
512 2881 615 2951 Extu
645 2880 807 2952 Bononiae
826 2906 845 2952 a
868 2880 978 2953 Fabio
997 2883 1142 2953 Valente
1164 2882 1293 2979 gladia·

324 3019 438 3072 torum
456 2999 686 3095 spectaculum
701 2999 826 3088 editur,
846 3000 991 3072 advecto
1009 3026 1053 3072 ex
1071 3003 1169 3073 Urbe
1187 3003 1294 3074 cultu.

321 3119 533 3216 Quantoque
563 3117 672 3214 magis
691 3118 957 3215 propinquabat,
982 3119 1078 3190 tantd
1100 3120 1295 3216 corruptius

319 3238 396 3327 iter,
425 3237 592 3309 immixtis
609 3237 878 3311 histrionibus&
905 3239 1097 3334 spadonum
1115 3239 1293 3336 gregibus,

324 3364 357 3430 &
388 3379 500 3429 cetero
530 3357 735 3430 Neroniana
764 3359 850 3431 aulae
876 3357 1044 3453 ingenio:
1080 3384 1231 3454 namque
1260 3362 1294 3430 ὃ(

322 3480 502 3550 Neronem
527 3475 639 3572 ipsum
656 3478 814 3549 Vitellius
838 3477 1062 3550 admiratione
1085 3479 1294 3564 celebrabat,

323 3596 441 3668 sellari
458 3617 651 3670 cantantem
668 3595 797 3685 solitus,
821 3620 892 3668 non
918 3599 1123 3686 necessitate,
1142 3599 1210 3693 qual
1229 3599 1291 3668 ho-

323 3717 522 3789 nestissimus
549 3712 706 3812 quisque,
728 3714 785 3787 sed
815 3717 915 3804 luxu,
946 3721 979 3789 δι
1008 3714 1134 3813 saginae
1162 3715 1292 3788 manci-

324 3855 423 3930 patus
441 3832 656 3929 emptusque.
707 3837 758 3906 Ut
783 3834 919 3907 Valenti
946 3840 978 3906 ὅτ
996 3835 1143 3908 Caecinae
1167 3860 1296 3906 vacuos

325 3945 611 4048 honoris-menses
622 3949 783 4049 aperiret,
803 3953 966 4026 coardati
981 3954 1128 4028 aliorum
1140 3952 1295 4028 consula-
