3000 5144
333 567 401 616 212
563 541 605 613 C.
637 541 909 614 Conunnrr
940 540 1139 614 Tncrrr

329 712 525 785 induruerat
538 740 599 811 pro
611 714 765 803 Vitellio,
779 715 890 786 donec
905 708 1038 784 Priscus
1055 713 1089 781 sc
1104 709 1299 803 Alphenus,

271 862 273 867 ·
330 829 467 904 desertis
483 832 610 924 castris,
638 835 682 905 ad
704 831 884 904 Vitellium
902 831 1051 926 regressi,
1077 827 1208 924 pudore
1223 849 1301 922 pro·

329 948 469 1023 ditionis
486 953 627 1024 cunstos
643 949 866 1024 exsolverent.

378 1070 495 1142 LXII.
520 1072 661 1142 lrsnnnr
686 1069 821 1158 diebus,
848 1066 975 1140 Fabius
1001 1066 1129 1138 Valens
1156 1062 1299 1149 Urbini,

330 1186 367 1258 in
400 1187 566 1279 custodial,
600 1187 814 1259 interficitur.
864 1187 980 1281 Caput
1009 1183 1081 1280 ejus
1112 1178 1301 1253 Vitellianis

332 1306 535 1379 cohortibus
556 1307 783 1393 ostentatum,
803 1330 846 1377 ne
874 1329 981 1401 quarn
1009 1302 1101 1377 ultrd
1124 1298 1220 1396 spem
1249 1297 1301 1371 fo·

329 1444 472 1497 verente
500 1450 581 1497 nam
600 1433 626 1468 “
645 1424 818 1522 pervasisse
841 1421 875 1494 in
888 1420 1089 1494 Germanias
1101 1419 1297 1505 Valentem,

331 1547 359 1585 “
380 1548 412 1616 &
434 1562 563 1617 veteres
586 1542 654 1615 illic
671 1540 847 1638 novosque
863 1539 1030 1613 exercitus
1047 1538 1161 1611 ciere”
1181 1537 1300 1609 crede-

329 1662 424 1733 bant.
474 1660 555 1739 Visa
567 1661 673 1749 crede,
704 1660 739 1731 in
756 1659 1024 1755 desperationem
1042 1660 1149 1731 verli:
1169 1658 1202 1727 δι
1220 1657 1299 1727 Fla·

327 1777 448 1851 vianus
460 1779 641 1869 exercitus,
660 1779 813 1851 immane
829 1797 997 1874 quantum
1009 1776 1139 1866 anim0,
1153 1775 1299 1847 exitium

328 1896 497 1986 Valentis,
524 1918 562 1970 ut
579 1900 685 1970 finem
703 1896 799 1985 belli,
818 1896 961 1992 accepit.
1010 1898 1125 1967 Natus
1140 1912 1212 1966 erat
1227 1894 1298 1965 Va·

327 2017 401 2088 lens
423 2016 609 2114 Anagniae,
632 2014 776 2113 equestri
796 2014 947 2087 familis:
976 2039 1105 2111 procax
1128 2011 1297 2102 moribus,

325 2159 440 2231 neque
466 2134 632 2207 absurdus
659 2133 814 2230 ingenio,
856 2131 984 2206 famam
1009 2131 1208 2205 urbanitatis
1239 2155 1300 2227 per

324 2251 495 2326 lasciviam
514 2273 627 2348 petere
643 2281 651 2324 :
678 2253 813 2325 ludicro
829 2251 1050 2348 juvenalium
1066 2249 1128 2323 sub
1140 2252 1297 2340 Nerone,

324 2373 421 2444 velut
436 2396 480 2443 ex
503 2372 708 2459 neceffitate,
736 2396 821 2444 mox
846 2370 967 2468 sponte
984 2369 1111 2442 mimos
1130 2369 1297 2459 as'titavit,

326 2486 407 2561 seire
437 2487 562 2586 magis,
588 2514 694 2586 quam
723 2488 843 2587 probe.
893 2492 1050 2587 Legatus
1079 2488 1236 2587 legionis,
1261 2492 1296 2560 ὅτ

324 2606 411 2681 fovit
428 2607 647 2706 Verginium,
684 2613 717 2681 δι
741 2607 933 2681 infamavit.
983 2607 1167 2681 Fonteium
1191 2608 1296 2703 Capi-

324 2745 444 2800 tonem
467 2749 680 2823 corruptum,
698 2726 756 2800 seu
780 2726 861 2824 quia
884 2742 1104 2828 corrumpere
1130 2725 1297 2823 nequive-

323 2864 388 2935 rat,
419 2842 600 2918 interfecit.
649 2847 771 2919 Galbae
790 2845 955 2941 proditor,
979 2844 1118 2917 Vitellio
1131 2846 1234 2936 fidus,
1262 2851 1296 2918 dc

325 2965 472 3038 aliorum
492 2964 633 3060 perfidis
651 2963 858 3035 inlustratus.
1005 3032 1010 3044 ,

371 3085 506 3155 LXlll.
533 3086 726 3154 Annum
744 3083 900 3179 undique
916 3083 986 3178 spe,
1014 3082 1211 3155 Vitellianus
1230 3084 1293 3156 mi-

324 3203 386 3289 les,
412 3204 608 3272 transturus
635 3200 671 3271 in
689 3221 812 3296 partes,
839 3201 874 3272 id
898 3227 1040 3298 quoque
1057 3228 1127 3275 non
1146 3206 1212 3274 srne
1233 3204 1293 3275 de·

322 3321 462 3405 decore,
490 3317 547 3390 sed
564 3317 626 3391 sub
642 3319 744 3413 signis
755 3319 956 3416 vexillisque
972 3320 1008 3392 in
1025 3320 1190 3418 subjectos
1202 3324 1294 3394 Nar·

323 3438 388 3509 niae
400 3461 541 3531 campos
557 3436 770 3510 descendere.
811 3441 840 3510 F
841 3439 994 3512 lavianus
1006 3439 1187 3529 exercitus,
1201 3461 1239 3514 ut
1251 3443 1295 3512 ad

323 3555 501 3652 proeliurn,
523 3555 674 3629 intentus
698 3556 926 3653 armatusque,
953 3560 1064 3630 densis
1090 3558 1178 3631 circa
1201 3560 1295 3632 viam

323 3675 516 3762 ordinibus,
547 3675 729 3748 adstiterat.
780 3676 928 3772 Accepti
953 3677 989 3748 in
1012 3678 1169 3750 medium
1185 3678 1294 3750 Vitel-

323 3792 429 3865 liani:
463 3796 496 3863 δι
514 3791 757 3881 circumdatos,
784 3794 922 3866 Primus
948 3795 1124 3868 Antonius
1142 3799 1294 3869 clemen·

321 3930 371 3983 ter
391 3911 610 4008 adloquitur:
639 3919 761 4009 “pars
784 3913 937 4006 Narniae,
967 3940 1043 4013 pars
1068 3918 1294 3990 Interamnae''
