3000 5144
445 603 1062 677 H-rsronranuanta.IV.
1161 630 1232 706 247

264 767 420 856 Publius,
450 771 558 866 quim
590 771 720 847 Priscus
750 778 782 847 &
808 775 1013 861 Marcellus,
1047 773 1233 871 ceterique,

263 888 365 960 motis
377 888 420 960 ad
438 890 606 963 ultionem
618 891 754 980 animis,
772 891 1066 989 exspeeubantur.

309 1007 375 1079 xl.
400 1008 506 1081 anr
526 1034 640 1082 rerum
662 1010 765 1098 statu,
783 1010 866 1083 cirm
878 1007 1050 1082 discordia
1064 1009 1231 1106 interpa-

262 1144 346 1214 tres,
374 1124 423 1198 ira
438 1127 533 1222 apud
550 1127 672 1216 vidos,
694 1128 789 1200 nulla
816 1127 853 1199 in
877 1127 1063 1201 rudioribus
1084 1129 1233 1200 austori-

263 1263 328 1332 tas,
359 1269 429 1316 non
459 1246 568 1342 leges,
594 1270 665 1318 non
691 1247 854 1341 Princeps
879 1245 916 1317 in
941 1244 1076 1317 civitate
1103 1247 1234 1331 effent;

266 1362 468 1452 Mucianus,
498 1366 636 1439 Urbem
662 1364 841 1460 ingressus,
866 1365 991 1437 cunda
1018 1363 1116 1435 fimul
1137 1362 1173 1435 iu
1201 1365 1236 1437 se

261 1478 389 1551 traxit:
420 1479 524 1554 stada
540 1481 647 1554 Primi
665 1482 824 1570 Antonii,
843 1482 992 1577 Varique
1008 1481 1099 1553 Arrii
1110 1502 1234 1577 poten·

261 1597 321 1686 tia,
350 1599 439 1670 male*
472 1599 680 1672 diffimulatd
706 1599 743 1670 in
770 1625 830 1672 eos
858 1597 1017 1673 Muciani
1045 1599 1235 1690 iracundis,

263 1716 423 1812 quamvis
450 1719 550 1791 vultu
575 1739 758 1815 tegeretur.
808 1719 876 1790 Sed
904 1717 1037 1806 civitas,
1068 1717 1236 1792 rimandis

261 1835 396 1908 offensis
428 1836 547 1933 sagax,
583 1856 728 1908 verterat
760 1836 793 1908 se
820 1836 1114 1932 transtuleratque.
1172 1839 1236 1911 Ille

262 1979 353 2026 unus
372 1955 511 2044 ambiri,
530 1955 621 2028 coli:
652 1979 715 2027 nec
731 1955 847 2045 deerat
861 1953 944 2050 ipse,
963 1954 1102 2049 stipatus
1124 1979 1236 2029 arma·
1330 1942 1331 1946 ¹

262 2071 324 2160 tis,
348 2072 487 2161 domos,
520 2071 703 2168 hortosque
733 2091 945 2168 permutans,
975 2092 1150 2168 apparatu,
1180 2073 1233 2145 in-

263 2191 368 2279 ceffu,
402 2191 573 2281 excubiis,
607 2190 681 2263 vim
709 2191 880 2287 Principis
904 2188 1083 2286 ampledi,
1108 2217 1237 2266 nomen

262 2308 444 2383 remittere.
493 2309 687 2383 Plurimum
710 2309 846 2382 terroris
869 2308 984 2381 intulit
1010 2309 1121 2383 cades
1152 2312 1234 2383 Cal·

262 2428 380 2524 purnii
408 2427 592 2501 Galeriani.
640 2430 673 2500 ls
701 2425 767 2501 fuit
791 2428 880 2502 silius
903 2429 945 2501 C.
973 2428 1117 2517 Pisonis,
1147 2430 1235 2502 nihil

263 2545 382 2618 ausus:
424 2546 484 2620 sed
515 2571 645 2617 nornen
678 2545 821 2644 insigne,
863 2549 897 2618 b
929 2548 1055 2620 decora
1088 2548 1148 2645 ipsr
1183 2548 1235 2644 ju·

263 2685 384 2754 venta,
407 2690 545 2738 rumore
568 2664 668 2763 vulgi
696 2667 981 2739 celebrabantur:
1013 2687 1179 2763 erantque
1199 2668 1237 2740 in

264 2782 402 2857 civitate
422 2785 536 2857 adhuc
560 2783 716 2872 turbida,
738 2789 771 2856 ἃ
790 2782 889 2855 novis
909 2781 1121 2857 sermonibus
1142 2786 1234 2874 laetd,

265 2900 325 2997 qui
353 2901 567 2999 principatlrs
594 2901 736 2974 inanem
758 2901 789 2974 ei
816 2898 945 2974 famam
973 2901 1236 2976 circumdarent.

264 3022 364 3114 Juffu
381 3020 552 3109 Muciani,
569 3020 722 3093 arrodit
739 3018 877 3092 militari
893 3018 1037 3107 cindus,
1055 3044 1099 3092 ne
1110 3018 1146 3092 in
1162 3020 1237 3115 ipsi

267 3141 366 3212 Urbe
388 3138 600 3235 conspedior
621 3164 714 3212 mors
740 3136 842 3227 soret,
872 3139 916 3210 ad
939 3139 1237 3235 quadragefimum

267 3259 312 3330 ab
323 3260 422 3330 Urbe
434 3257 602 3353 lapidem,
616 3257 672 3330 vid
684 3256 815 3353 Appia,
827 3255 899 3329 huso
909 3282 970 3353 per
982 3280 1086 3329 venas
1097 3256 1233 3353 sangui-

261 3401 319 3466 ne,
341 3377 583 3474 exstinguitur.
614 3375 727 3469 julius
743 3372 890 3462 Priscus,
909 3374 1154 3470 pratoriarum,
1173 3374 1237 3449 sub

263 3495 417 3584 Vitelli0‚
432 3495 626 3568 cohortium
637 3491 829 3591 prasedus,
843 3491 876 3565 se
892 3491 961 3590 ipse
976 3489 1158 3582 interfecit,
1169 3519 1235 3589 pu·
1371 3481 1374 3485 ’

262 3613 347 3687 dore
368 3613 481 3711 magis
512 3614 620 3709 quim
648 3610 851 3685 necessitate.
911 3612 1094 3708 Alphenor
1126 3612 1236 3684 Varus

264 3731 414 3828 ignaviae
455 3730 677 3828 infamiaque
717 3729 785 3802 suae
826 3728 1002 3825 superfuit.
1067 3726 1235 3801 Afiaticus

262 3850 357 3922 enim
383 3850 522 3924 libertus
553 3833 681 3923 malam
705 3846 896 3945 potentiam
928 3846 1040 3923 servili
1071 3844 1237 3944 supplicio

265 3967 432 4070 expiavit.

720 4089 806 4179 Ra
