<?xml version="1.0" encoding="UTF-8"?>
<!DOCTYPE html PUBLIC "-//W3C//DTD XHTML 1.0 Transitional//EN"
    "http://www.w3.org/TR/xhtml1/DTD/xhtml1-transitional.dtd">
<html xmlns="http://www.w3.org/1999/xhtml" xml:lang="en" lang="en">
 <head>
  <title>
</title>
<meta http-equiv="Content-Type" content="text/html;charset=utf-8" />
  <meta name='ocr-system' content='tesseract 3.04.00' />
  <meta name='ocr-capabilities' content='ocr_page ocr_carea ocr_par ocr_line ocrx_word'/>
</head>
<body>
  <div class='ocr_page' id='page_1' title='image "./ccorneliitaciti02ernegoog_0048.png"; bbox 0 0 3000 5144; ppageno 0'>
   <div class='ocr_carea' id='block_1_1' title="bbox 375 526 1169 626">
    <p class='ocr_par' dir='ltr' id='par_1_1' title="bbox 375 526 1169 626">
     <span class='ocr_line' id='line_1_1' title="bbox 375 526 1169 626; baseline 0.003 -28"><span class='ocrx_word' id='word_1_1' title='bbox 375 526 962 602; x_wconf 64' lang='lat' dir='ltr'>HrsrortrnnuquM.</span> <span class='ocrx_word' id='word_1_2' title='bbox 1124 553 1169 626; x_wconf 84' lang='lat'>39</span> 
     </span>
    </p>
   </div>
   <div class='ocr_carea' id='block_1_2' title="bbox 163 690 1206 3869">
    <p class='ocr_par' dir='ltr' id='par_1_2' title="bbox 163 690 1206 3749">
     <span class='ocr_line' id='line_1_2' title="bbox 194 690 1171 798; baseline 0.007 -33"><span class='ocrx_word' id='word_1_3' title='bbox 194 690 370 790; x_wconf 89' lang='lat' dir='ltr'>judicium</span> <span class='ocrx_word' id='word_1_4' title='bbox 386 698 535 772; x_wconf 88' lang='lat' dir='ltr'>Neronis</span> <span class='ocrx_word' id='word_1_5' title='bbox 551 698 668 787; x_wconf 92' lang='lat' dir='ltr'>secuti,</span> <span class='ocrx_word' id='word_1_6' title='bbox 699 699 762 774; x_wconf 87' lang='lat' dir='ltr'>sub</span> <span class='ocrx_word' id='word_1_7' title='bbox 788 727 858 798; x_wconf 92' lang='lat' dir='ltr'>quo</span> <span class='ocrx_word' id='word_1_8' title='bbox 876 699 1034 774; x_wconf 88' lang='lat' dir='ltr'>eamdem</span> <span class='ocrx_word' id='word_1_9' title='bbox 1051 724 1171 772; x_wconf 92' lang='lat' dir='ltr'>curam</span> 
     </span>
     <span class='ocr_line' id='line_1_3' title="bbox 201 812 1170 915; baseline 0.006 -32"><span class='ocrx_word' id='word_1_10' title='bbox 201 812 411 903; x_wconf 85' lang='lat' dir='ltr'>obtinuerat,</span> <span class='ocrx_word' id='word_1_11' title='bbox 441 815 611 913; x_wconf 89' lang='lat' dir='ltr'>plerisque</span> <span class='ocrx_word' id='word_1_12' title='bbox 628 817 870 915; x_wconf 87' lang='lat' dir='ltr'>Vespafianum</span> <span class='ocrx_word' id='word_1_13' title='bbox 896 818 1036 891; x_wconf 86' lang='lat' dir='ltr'>fratrem</span> <span class='ocrx_word' id='word_1_14' title='bbox 1063 818 1099 889; x_wconf 93' lang='lat' dir='ltr'>in</span> <span class='ocrx_word' id='word_1_15' title='bbox 1128 843 1170 890; x_wconf 90' lang='lat' dir='ltr'>eo</span> 
     </span>
     <span class='ocr_line' id='line_1_4' title="bbox 201 928 1170 1032; baseline 0.007 -31"><span class='ocrx_word' id='word_1_16' title='bbox 201 928 466 1027; x_wconf 85' lang='lat' dir='ltr'>respicientibus.</span> <span class='ocrx_word' id='word_1_17' title='bbox 492 936 717 1032; x_wconf 85' lang='lat' dir='ltr'>Flagitatum,</span> <span class='ocrx_word' id='word_1_18' title='bbox 749 944 776 979; x_wconf 90' lang='lat'><strong>“</strong></span> <span class='ocrx_word' id='word_1_19' title='bbox 793 958 831 1009; x_wconf 95' lang='lat' dir='ltr'>ut</span> <span class='ocrx_word' id='word_1_20' title='bbox 848 935 1056 1024; x_wconf 89' lang='lat' dir='ltr'>vacationes,</span> <span class='ocrx_word' id='word_1_21' title='bbox 1084 961 1170 1031; x_wconf 83' lang='lat' dir='ltr'>prae-</span> 
     </span>
     <span class='ocr_line' id='line_1_5' title="bbox 201 1049 1168 1143; baseline 0.005 -22"><span class='ocrx_word' id='word_1_22' title='bbox 201 1056 229 1090; x_wconf 92' lang='lat'><strong>“</strong></span> <span class='ocrx_word' id='word_1_23' title='bbox 247 1049 326 1122; x_wconf 86' lang='lat' dir='ltr'>stari</span> <span class='ocrx_word' id='word_1_24' title='bbox 343 1052 598 1126; x_wconf 86' lang='lat' dir='ltr'>centurionibus</span> <span class='ocrx_word' id='word_1_25' title='bbox 616 1052 735 1143; x_wconf 89' lang='lat' dir='ltr'>solitae,</span> <span class='ocrx_word' id='word_1_26' title='bbox 754 1055 1039 1127; x_wconf 89' lang='lat' dir='ltr'>remitterentur.”</span> <span class='ocrx_word' id='word_1_27' title='bbox 1056 1056 1168 1126; x_wconf 87' lang='lat' dir='ltr'>Nam-</span> 
     </span>
     <span class='ocr_line' id='line_1_6' title="bbox 199 1171 1169 1268; baseline 0.006 -29"><span class='ocrx_word' id='word_1_28' title='bbox 199 1191 270 1263; x_wconf 89' lang='lat' dir='ltr'>que</span> <span class='ocrx_word' id='word_1_29' title='bbox 287 1171 464 1268; x_wconf 86' lang='lat' dir='ltr'>gregarius</span> <span class='ocrx_word' id='word_1_30' title='bbox 481 1172 593 1261; x_wconf 89' lang='lat' dir='ltr'>miles,</span> <span class='ocrx_word' id='word_1_31' title='bbox 611 1194 648 1245; x_wconf 90' lang='lat' dir='ltr'>ut</span> <span class='ocrx_word' id='word_1_32' title='bbox 665 1173 834 1246; x_wconf 88' lang='lat' dir='ltr'>tributum</span> <span class='ocrx_word' id='word_1_33' title='bbox 851 1197 1019 1261; x_wconf 89' lang='lat' dir='ltr'>annuum,</span> <span class='ocrx_word' id='word_1_34' title='bbox 1040 1175 1169 1267; x_wconf 86' lang='lat' dir='ltr'>pende·</span> 
     </span>
     <span class='ocr_line' id='line_1_7' title="bbox 199 1287 1168 1387; baseline 0.007 -30"><span class='ocrx_word' id='word_1_35' title='bbox 199 1287 268 1359; x_wconf 93' lang='lat' dir='ltr'>bat.</span> <span class='ocrx_word' id='word_1_36' title='bbox 317 1293 450 1385; x_wconf 80' lang='lat' dir='ltr'>Qarta</span> <span class='ocrx_word' id='word_1_37' title='bbox 466 1316 542 1386; x_wconf 89' lang='lat' dir='ltr'>pars</span> <span class='ocrx_word' id='word_1_38' title='bbox 559 1290 743 1386; x_wconf 84' lang='lat' dir='ltr'>manipuli,</span> <span class='ocrx_word' id='word_1_39' title='bbox 772 1289 880 1387; x_wconf 88' lang='lat' dir='ltr'>sparsa</span> <span class='ocrx_word' id='word_1_40' title='bbox 906 1315 965 1386; x_wconf 90' lang='lat' dir='ltr'>per</span> <span class='ocrx_word' id='word_1_41' title='bbox 993 1316 1168 1365; x_wconf 91' lang='lat' dir='ltr'>commea·</span> 
     </span>
     <span class='ocr_line' id='line_1_8' title="bbox 198 1407 1167 1505; baseline 0.004 -29"><span class='ocrx_word' id='word_1_42' title='bbox 198 1424 266 1494; x_wconf 89' lang='lat' dir='ltr'>tus,</span> <span class='ocrx_word' id='word_1_43' title='bbox 283 1426 342 1478; x_wconf 89' lang='lat' dir='ltr'>aut</span> <span class='ocrx_word' id='word_1_44' title='bbox 359 1407 395 1479; x_wconf 93' lang='lat' dir='ltr'>in</span> <span class='ocrx_word' id='word_1_45' title='bbox 412 1408 489 1504; x_wconf 80' lang='lat' dir='ltr'>ipsis</span> <span class='ocrx_word' id='word_1_46' title='bbox 507 1408 622 1481; x_wconf 89' lang='lat' dir='ltr'>castris</span> <span class='ocrx_word' id='word_1_47' title='bbox 638 1434 740 1505; x_wconf 84' lang='lat' dir='ltr'>vaga,</span> <span class='ocrx_word' id='word_1_48' title='bbox 767 1410 854 1481; x_wconf 90' lang='lat' dir='ltr'>dum</span> <span class='ocrx_word' id='word_1_49' title='bbox 871 1410 1067 1481; x_wconf 83' lang='lat' dir='ltr'>mercedem</span> <span class='ocrx_word' id='word_1_50' title='bbox 1086 1434 1167 1481; x_wconf 90' lang='lat' dir='ltr'>cen·</span> 
     </span>
     <span class='ocr_line' id='line_1_9' title="bbox 196 1523 1165 1624; baseline 0.004 -29"><span class='ocrx_word' id='word_1_51' title='bbox 196 1523 325 1597; x_wconf 88' lang='lat' dir='ltr'>turioni</span> <span class='ocrx_word' id='word_1_52' title='bbox 357 1525 570 1615; x_wconf 83' lang='lat' dir='ltr'>exsolveret3</span> <span class='ocrx_word' id='word_1_53' title='bbox 609 1551 722 1622; x_wconf 91' lang='lat' dir='ltr'>neque</span> <span class='ocrx_word' id='word_1_54' title='bbox 752 1527 898 1599; x_wconf 92' lang='lat' dir='ltr'>modum</span> <span class='ocrx_word' id='word_1_55' title='bbox 930 1526 1041 1598; x_wconf 88' lang='lat' dir='ltr'>oneris</span> <span class='ocrx_word' id='word_1_56' title='bbox 1076 1526 1165 1624; x_wconf 89' lang='lat' dir='ltr'>quis-</span> 
     </span>
     <span class='ocr_line' id='line_1_10' title="bbox 197 1644 1167 1742; baseline 0.005 -29"><span class='ocrx_word' id='word_1_57' title='bbox 197 1667 319 1737; x_wconf 84' lang='lat' dir='ltr'>quam,</span> <span class='ocrx_word' id='word_1_58' title='bbox 346 1668 459 1740; x_wconf 88' lang='lat' dir='ltr'>neque</span> <span class='ocrx_word' id='word_1_59' title='bbox 486 1670 595 1742; x_wconf 85' lang='lat' dir='ltr'>genus</span> <span class='ocrx_word' id='word_1_60' title='bbox 616 1644 766 1740; x_wconf 79' lang='lat' dir='ltr'>quaestbs</span> <span class='ocrx_word' id='word_1_61' title='bbox 792 1648 883 1740; x_wconf 79' lang='lat' dir='ltr'>pensi</span> <span class='ocrx_word' id='word_1_62' title='bbox 911 1647 1076 1719; x_wconf 87' lang='lat' dir='ltr'>habebat:</span> <span class='ocrx_word' id='word_1_63' title='bbox 1106 1670 1167 1742; x_wconf 89' lang='lat' dir='ltr'>per</span> 
     </span>
     <span class='ocr_line' id='line_1_11' title="bbox 196 1760 1165 1858; baseline 0.006 -29"><span class='ocrx_word' id='word_1_64' title='bbox 196 1760 421 1835; x_wconf 85' lang='lat' dir='ltr'>latrocinia&amp;</span> <span class='ocrx_word' id='word_1_65' title='bbox 440 1781 570 1858; x_wconf 90' lang='lat' dir='ltr'>raptus,</span> <span class='ocrx_word' id='word_1_66' title='bbox 596 1783 654 1834; x_wconf 91' lang='lat' dir='ltr'>aut</span> <span class='ocrx_word' id='word_1_67' title='bbox 669 1762 843 1836; x_wconf 90' lang='lat' dir='ltr'>servilibus</span> <span class='ocrx_word' id='word_1_68' title='bbox 861 1762 1069 1851; x_wconf 89' lang='lat' dir='ltr'>ministeriis,</span> <span class='ocrx_word' id='word_1_69' title='bbox 1099 1763 1165 1835; x_wconf 90' lang='lat' dir='ltr'>mi-</span> 
     </span>
     <span class='ocr_line' id='line_1_12' title="bbox 194 1877 1165 1976; baseline 0.002 -25"><span class='ocrx_word' id='word_1_70' title='bbox 194 1877 291 1952; x_wconf 90' lang='lat' dir='ltr'>litare</span> <span class='ocrx_word' id='word_1_71' title='bbox 324 1881 435 1955; x_wconf 91' lang='lat' dir='ltr'>otium</span> <span class='ocrx_word' id='word_1_72' title='bbox 468 1882 694 1954; x_wconf 88' lang='lat' dir='ltr'>redimebant.</span> <span class='ocrx_word' id='word_1_73' title='bbox 755 1883 852 1953; x_wconf 92' lang='lat' dir='ltr'>Tum</span> <span class='ocrx_word' id='word_1_74' title='bbox 885 1881 1165 1976; x_wconf 79' lang='lat' dir='ltr'>locupletissimus</span> 
     </span>
     <span class='ocr_line' id='line_1_13' title="bbox 194 1996 1166 2095; baseline 0.005 -26"><span class='ocrx_word' id='word_1_75' title='bbox 194 1996 338 2094; x_wconf 86' lang='lat' dir='ltr'>quisque</span> <span class='ocrx_word' id='word_1_76' title='bbox 364 1999 479 2089; x_wconf 90' lang='lat' dir='ltr'>miles,</span> <span class='ocrx_word' id='word_1_77' title='bbox 512 2002 629 2073; x_wconf 90' lang='lat' dir='ltr'>labore</span> <span class='ocrx_word' id='word_1_78' title='bbox 656 2024 697 2072; x_wconf 92' lang='lat' dir='ltr'>ac</span> <span class='ocrx_word' id='word_1_79' title='bbox 729 1998 852 2072; x_wconf 79' lang='lat' dir='ltr'>saevitit</span> <span class='ocrx_word' id='word_1_80' title='bbox 878 1997 1029 2095; x_wconf 85' lang='lat' dir='ltr'>fatigari,</span> <span class='ocrx_word' id='word_1_81' title='bbox 1053 2001 1166 2074; x_wconf 91' lang='lat' dir='ltr'>donec</span> 
     </span>
     <span class='ocr_line' id='line_1_14' title="bbox 192 2116 1163 2213; baseline 0.004 -25"><span class='ocrx_word' id='word_1_82' title='bbox 192 2117 408 2191; x_wconf 89' lang='lat' dir='ltr'>vacationem</span> <span class='ocrx_word' id='word_1_83' title='bbox 426 2139 573 2191; x_wconf 88' lang='lat' dir='ltr'>emeret:</span> <span class='ocrx_word' id='word_1_84' title='bbox 605 2117 666 2191; x_wconf 94' lang='lat' dir='ltr'>ubi</span> <span class='ocrx_word' id='word_1_85' title='bbox 684 2116 877 2213; x_wconf 87' lang='lat' dir='ltr'>sumptibus</span> <span class='ocrx_word' id='word_1_86' title='bbox 892 2118 1089 2207; x_wconf 85' lang='lat' dir='ltr'>exhaustus,</span> <span class='ocrx_word' id='word_1_87' title='bbox 1111 2118 1163 2192; x_wconf 88' lang='lat' dir='ltr'>so·</span> 
     </span>
     <span class='ocr_line' id='line_1_15' title="bbox 193 2235 1162 2333; baseline 0.003 -28"><span class='ocrx_word' id='word_1_88' title='bbox 193 2235 310 2310; x_wconf 73' lang='lat' dir='ltr'>cordis</span> <span class='ocrx_word' id='word_1_89' title='bbox 327 2235 463 2332; x_wconf 88' lang='lat' dir='ltr'>insuper</span> <span class='ocrx_word' id='word_1_90' title='bbox 478 2237 687 2333; x_wconf 87' lang='lat' dir='ltr'>elanguerat,</span> <span class='ocrx_word' id='word_1_91' title='bbox 718 2237 816 2332; x_wconf 89' lang='lat' dir='ltr'>inops</span> <span class='ocrx_word' id='word_1_92' title='bbox 833 2261 896 2332; x_wconf 92' lang='lat' dir='ltr'>pro</span> <span class='ocrx_word' id='word_1_93' title='bbox 913 2238 1099 2331; x_wconf 87' lang='lat' dir='ltr'>locuplete,</span> <span class='ocrx_word' id='word_1_94' title='bbox 1128 2243 1162 2321; x_wconf 72' lang='grc' dir='ltr'>ὃς</span> 
     </span>
     <span class='ocr_line' id='line_1_16' title="bbox 191 2351 1162 2451; baseline 0.006 -27"><span class='ocrx_word' id='word_1_95' title='bbox 191 2351 282 2425; x_wconf 90' lang='lat' dir='ltr'>iners</span> <span class='ocrx_word' id='word_1_96' title='bbox 314 2379 377 2451; x_wconf 93' lang='lat' dir='ltr'>pro</span> <span class='ocrx_word' id='word_1_97' title='bbox 408 2354 559 2443; x_wconf 90' lang='lat' dir='ltr'>strenuo,</span> <span class='ocrx_word' id='word_1_98' title='bbox 591 2354 629 2426; x_wconf 92' lang='lat' dir='ltr'>in</span> <span class='ocrx_word' id='word_1_99' title='bbox 661 2355 878 2449; x_wconf 90' lang='lat' dir='ltr'>manipulum</span> <span class='ocrx_word' id='word_1_100' title='bbox 916 2354 1074 2428; x_wconf 89' lang='lat' dir='ltr'>redibat:</span> <span class='ocrx_word' id='word_1_101' title='bbox 1121 2383 1162 2430; x_wconf 87' lang='lat' dir='ltr'>ac</span> 
     </span>
     <span class='ocr_line' id='line_1_17' title="bbox 193 2470 1161 2569; baseline 0.003 -26"><span class='ocrx_word' id='word_1_102' title='bbox 193 2470 306 2544; x_wconf 85' lang='lat' dir='ltr'>rursus</span> <span class='ocrx_word' id='word_1_103' title='bbox 322 2472 407 2544; x_wconf 91' lang='lat' dir='ltr'>alius</span> <span class='ocrx_word' id='word_1_104' title='bbox 423 2491 527 2569; x_wconf 91' lang='lat' dir='ltr'>atque</span> <span class='ocrx_word' id='word_1_105' title='bbox 542 2472 643 2561; x_wconf 92' lang='lat' dir='ltr'>alius,</span> <span class='ocrx_word' id='word_1_106' title='bbox 668 2473 788 2545; x_wconf 76' lang='lat' dir='ltr'>ealdem</span> <span class='ocrx_word' id='word_1_107' title='bbox 817 2471 967 2568; x_wconf 87' lang='lat' dir='ltr'>egestate</span> <span class='ocrx_word' id='word_1_108' title='bbox 991 2498 1031 2544; x_wconf 91' lang='lat' dir='ltr'>ac</span> <span class='ocrx_word' id='word_1_109' title='bbox 1053 2472 1161 2546; x_wconf 92' lang='lat' dir='ltr'>licen·</span> 
     </span>
     <span class='ocr_line' id='line_1_18' title="bbox 191 2588 1161 2687; baseline 0.008 -27"><span class='ocrx_word' id='word_1_110' title='bbox 191 2588 238 2661; x_wconf 66' lang='lat' dir='ltr'>tid</span> <span class='ocrx_word' id='word_1_111' title='bbox 254 2590 418 2687; x_wconf 89' lang='lat' dir='ltr'>corrupti,</span> <span class='ocrx_word' id='word_1_112' title='bbox 443 2591 487 2664; x_wconf 87' lang='lat' dir='ltr'>ad</span> <span class='ocrx_word' id='word_1_113' title='bbox 503 2589 681 2664; x_wconf 89' lang='lat' dir='ltr'>seditiones</span> <span class='ocrx_word' id='word_1_114' title='bbox 699 2597 733 2664; x_wconf 75' lang='lat' dir='ltr'>sc</span> <span class='ocrx_word' id='word_1_115' title='bbox 751 2590 946 2679; x_wconf 88' lang='lat' dir='ltr'>discordias,</span> <span class='ocrx_word' id='word_1_116' title='bbox 974 2596 1006 2663; x_wconf 90' lang='lat'>&amp;</span> <span class='ocrx_word' id='word_1_117' title='bbox 1029 2592 1075 2663; x_wconf 90' lang='lat' dir='ltr'>ad</span> <span class='ocrx_word' id='word_1_118' title='bbox 1099 2619 1161 2669; x_wconf 86' lang='lat' dir='ltr'>ex·</span> 
     </span>
     <span class='ocr_line' id='line_1_19' title="bbox 190 2709 1159 2799; baseline 0.003 -18"><span class='ocrx_word' id='word_1_119' title='bbox 190 2726 354 2799; x_wconf 90' lang='lat' dir='ltr'>tremum,</span> <span class='ocrx_word' id='word_1_120' title='bbox 389 2709 480 2782; x_wconf 88' lang='lat' dir='ltr'>bella</span> <span class='ocrx_word' id='word_1_121' title='bbox 505 2709 618 2782; x_wconf 91' lang='lat' dir='ltr'>civilia</span> <span class='ocrx_word' id='word_1_122' title='bbox 650 2711 802 2782; x_wconf 88' lang='lat' dir='ltr'>ruebant.</span> <span class='ocrx_word' id='word_1_123' title='bbox 863 2711 929 2781; x_wconf 88' lang='lat' dir='ltr'>Sed</span> <span class='ocrx_word' id='word_1_124' title='bbox 963 2711 1073 2798; x_wconf 88' lang='lat' dir='ltr'>Otho,</span> <span class='ocrx_word' id='word_1_125' title='bbox 1114 2737 1159 2784; x_wconf 89' lang='lat' dir='ltr'>ne</span> 
     </span>
     <span class='ocr_line' id='line_1_20' title="bbox 163 2825 1158 2926; baseline 0.003 -29"><span class='ocrx_word' id='word_1_126' title='bbox 163 2856 166 2864; x_wconf 90' lang='lat'>·</span> <span class='ocrx_word' id='word_1_127' title='bbox 189 2827 287 2923; x_wconf 85' lang='lat' dir='ltr'>vulgi</span> <span class='ocrx_word' id='word_1_128' title='bbox 316 2825 512 2926; x_wconf 85' lang='lat' dir='ltr'>largitione,</span> <span class='ocrx_word' id='word_1_129' title='bbox 541 2828 783 2901; x_wconf 87' lang='lat' dir='ltr'>centurionum</span> <span class='ocrx_word' id='word_1_130' title='bbox 816 2828 950 2900; x_wconf 87' lang='lat' dir='ltr'>animos</span> <span class='ocrx_word' id='word_1_131' title='bbox 979 2848 1158 2919; x_wconf 90' lang='lat' dir='ltr'>averteret,</span> 
     </span>
     <span class='ocr_line' id='line_1_21' title="bbox 188 2943 1156 3020; baseline 0.003 -3"><span class='ocrx_word' id='word_1_132' title='bbox 188 2943 356 3018; x_wconf 89' lang='lat' dir='ltr'>“fiscum</span> <span class='ocrx_word' id='word_1_133' title='bbox 383 2943 481 3017; x_wconf 91' lang='lat' dir='ltr'>suum</span> <span class='ocrx_word' id='word_1_134' title='bbox 516 2945 711 3019; x_wconf 85' lang='lat' dir='ltr'>vacationes</span> <span class='ocrx_word' id='word_1_135' title='bbox 737 2971 865 3020; x_wconf 87' lang='lat' dir='ltr'>annuas</span> <span class='ocrx_word' id='word_1_136' title='bbox 895 2945 1156 3020; x_wconf 87' lang='lat' dir='ltr'>exsoluturum’&#39;</span> 
     </span>
     <span class='ocr_line' id='line_1_22' title="bbox 187 3062 1156 3159; baseline 0.004 -25"><span class='ocrx_word' id='word_1_137' title='bbox 187 3063 359 3159; x_wconf 76' lang='lat' dir='ltr'>promisit:</span> <span class='ocrx_word' id='word_1_138' title='bbox 387 3088 462 3135; x_wconf 89' lang='lat' dir='ltr'>rem</span> <span class='ocrx_word' id='word_1_139' title='bbox 494 3064 588 3135; x_wconf 88' lang='lat' dir='ltr'>haud</span> <span class='ocrx_word' id='word_1_140' title='bbox 620 3063 727 3137; x_wconf 72' lang='lat' dir='ltr'>dubie</span> <span class='ocrx_word' id='word_1_141' title='bbox 755 3062 890 3150; x_wconf 87' lang='lat' dir='ltr'>utilem,</span> <span class='ocrx_word' id='word_1_142' title='bbox 928 3069 962 3135; x_wconf 75' lang='lat' dir='ltr'>dc</span> <span class='ocrx_word' id='word_1_143' title='bbox 1002 3091 1023 3139; x_wconf 88' lang='lat' dir='ltr'>a</span> <span class='ocrx_word' id='word_1_144' title='bbox 1056 3067 1156 3138; x_wconf 89' lang='lat' dir='ltr'>bonis</span> 
     </span>
     <span class='ocr_line' id='line_1_23' title="bbox 188 3179 1155 3277; baseline 0 -24"><span class='ocrx_word' id='word_1_145' title='bbox 188 3181 303 3277; x_wconf 89' lang='lat' dir='ltr'>postea</span> <span class='ocrx_word' id='word_1_146' title='bbox 346 3180 576 3277; x_wconf 90' lang='lat' dir='ltr'>Principibus,</span> <span class='ocrx_word' id='word_1_147' title='bbox 614 3181 836 3277; x_wconf 85' lang='lat' dir='ltr'>perpetuitate</span> <span class='ocrx_word' id='word_1_148' title='bbox 863 3179 1062 3277; x_wconf 87' lang='lat' dir='ltr'>disciplinae,</span> <span class='ocrx_word' id='word_1_149' title='bbox 1097 3185 1155 3253; x_wconf 89' lang='lat' dir='ltr'>fir·</span> 
     </span>
     <span class='ocr_line' id='line_1_24' title="bbox 185 3298 1153 3396; baseline 0.005 -26"><span class='ocrx_word' id='word_1_150' title='bbox 185 3321 326 3372; x_wconf 89' lang='lat' dir='ltr'>matam.</span> <span class='ocrx_word' id='word_1_151' title='bbox 375 3302 474 3373; x_wconf 88' lang='lat' dir='ltr'>Laco</span> <span class='ocrx_word' id='word_1_152' title='bbox 507 3299 699 3396; x_wconf 66' lang='lat' dir='ltr'>praefectus,</span> <span class='ocrx_word' id='word_1_153' title='bbox 728 3319 907 3395; x_wconf 90' lang='lat' dir='ltr'>tamquam</span> <span class='ocrx_word' id='word_1_154' title='bbox 939 3299 975 3370; x_wconf 94' lang='lat' dir='ltr'>in</span> <span class='ocrx_word' id='word_1_155' title='bbox 1007 3298 1153 3375; x_wconf 88' lang='lat' dir='ltr'>insulam</span> 
     </span>
     <span class='ocr_line' id='line_1_25' title="bbox 185 3415 1154 3514; baseline 0.003 -26"><span class='ocrx_word' id='word_1_156' title='bbox 185 3415 416 3512; x_wconf 92' lang='lat' dir='ltr'>seponeretur,</span> <span class='ocrx_word' id='word_1_157' title='bbox 452 3421 498 3491; x_wconf 92' lang='lat' dir='ltr'>ab</span> <span class='ocrx_word' id='word_1_158' title='bbox 525 3437 682 3507; x_wconf 88' lang='lat' dir='ltr'>evocato,</span> <span class='ocrx_word' id='word_1_159' title='bbox 708 3442 813 3514; x_wconf 91' lang='lat' dir='ltr'>quem</span> <span class='ocrx_word' id='word_1_160' title='bbox 842 3418 886 3488; x_wconf 90' lang='lat' dir='ltr'>ad</span> <span class='ocrx_word' id='word_1_161' title='bbox 920 3418 1051 3488; x_wconf 87' lang='lat' dir='ltr'>caedem</span> <span class='ocrx_word' id='word_1_162' title='bbox 1083 3416 1154 3514; x_wconf 87' lang='lat' dir='ltr'>ejus</span> 
     </span>
     <span class='ocr_line' id='line_1_26' title="bbox 184 3534 1153 3632; baseline 0.002 -25"><span class='ocrx_word' id='word_1_163' title='bbox 184 3536 280 3608; x_wconf 91' lang='lat' dir='ltr'>Otho</span> <span class='ocrx_word' id='word_1_164' title='bbox 297 3534 513 3632; x_wconf 83' lang='lat' dir='ltr'>praemiserat,</span> <span class='ocrx_word' id='word_1_165' title='bbox 536 3535 717 3609; x_wconf 78' lang='lat' dir='ltr'>confossus.</span> <span class='ocrx_word' id='word_1_166' title='bbox 766 3537 806 3606; x_wconf 95' lang='lat' dir='ltr'>ln</span> <span class='ocrx_word' id='word_1_167' title='bbox 836 3535 1050 3607; x_wconf 88' lang='lat' dir='ltr'>Martianum</span> <span class='ocrx_word' id='word_1_168' title='bbox 1079 3539 1153 3609; x_wconf 86' lang='lat' dir='ltr'>Ice-</span> 
     </span>
     <span class='ocr_line' id='line_1_27' title="bbox 184 3651 1206 3749; baseline 0 -24"><span class='ocrx_word' id='word_1_169' title='bbox 184 3654 272 3743; x_wconf 92' lang='lat' dir='ltr'>lum,</span> <span class='ocrx_word' id='word_1_170' title='bbox 297 3675 337 3728; x_wconf 93' lang='lat' dir='ltr'>ut</span> <span class='ocrx_word' id='word_1_171' title='bbox 362 3654 397 3725; x_wconf 94' lang='lat' dir='ltr'>in</span> <span class='ocrx_word' id='word_1_172' title='bbox 422 3654 598 3743; x_wconf 90' lang='lat' dir='ltr'>libertum,</span> <span class='ocrx_word' id='word_1_173' title='bbox 626 3655 740 3749; x_wconf 88' lang='lat' dir='ltr'>palam</span> <span class='ocrx_word' id='word_1_174' title='bbox 769 3651 1054 3725; x_wconf 89' lang='lat' dir='ltr'>animadversum.</span> <span class='ocrx_word' id='word_1_175' title='bbox 1089 3685 1093 3690; x_wconf 56' lang='lat'>²</span> <span class='ocrx_word' id='word_1_176' title='bbox 1202 3739 1206 3748; x_wconf 32' lang='grc' dir='ltr'>Ι</span> 
     </span>
    </p>

    <p class='ocr_par' dir='ltr' id='par_1_3' title="bbox 231 3770 1151 3869">
     <span class='ocr_line' id='line_1_28' title="bbox 231 3770 1151 3869; baseline 0.005 -24"><span class='ocrx_word' id='word_1_177' title='bbox 231 3775 383 3845; x_wconf 90' lang='lat' dir='ltr'>XLVII.</span> <span class='ocrx_word' id='word_1_178' title='bbox 410 3775 577 3844; x_wconf 72' lang='lat' dir='ltr'>Exscro</span> <span class='ocrx_word' id='word_1_179' title='bbox 604 3797 664 3869; x_wconf 87' lang='lat' dir='ltr'>per</span> <span class='ocrx_word' id='word_1_180' title='bbox 686 3770 808 3844; x_wconf 88' lang='lat' dir='ltr'>scelera</span> <span class='ocrx_word' id='word_1_181' title='bbox 832 3771 902 3860; x_wconf 90' lang='lat' dir='ltr'>die,</span> <span class='ocrx_word' id='word_1_182' title='bbox 931 3773 1151 3851; x_wconf 83' lang='lat' dir='ltr'>noviffimum</span> 
     </span>
    </p>
   </div>
   <div class='ocr_carea' id='block_1_3' title="bbox 181 3888 1147 4102">
    <p class='ocr_par' dir='ltr' id='par_1_4' title="bbox 181 3888 1147 4102">
     <span class='ocr_line' id='line_1_29' title="bbox 181 3888 1147 3993; baseline -0.006 -26"><span class='ocrx_word' id='word_1_183' title='bbox 181 3892 355 3967; x_wconf 87' lang='lat' dir='ltr'>malorum</span> <span class='ocrx_word' id='word_1_184' title='bbox 370 3889 434 3965; x_wconf 86' lang='lat' dir='ltr'>suit</span> <span class='ocrx_word' id='word_1_185' title='bbox 451 3889 579 3965; x_wconf 76' lang='lat' dir='ltr'>latitia.</span> <span class='ocrx_word' id='word_1_186' title='bbox 629 3892 741 3962; x_wconf 87' lang='lat' dir='ltr'>Vocat</span> <span class='ocrx_word' id='word_1_187' title='bbox 762 3888 917 3965; x_wconf 88' lang='lat' dir='ltr'>senatum</span> <span class='ocrx_word' id='word_1_188' title='bbox 933 3912 1058 3993; x_wconf 86' lang='lat' dir='ltr'>praetor</span> <span class='ocrx_word' id='word_1_189' title='bbox 1075 3896 1147 3971; x_wconf 90' lang='lat' dir='ltr'>Ur.</span> 
     </span>
     <span class='ocr_line' id='line_1_30' title="bbox 639 4008 724 4102; baseline 0 0"><span class='ocrx_word' id='word_1_190' title='bbox 639 4008 676 4085; x_wconf 83' lang='lat'>1&gt;</span> <span class='ocrx_word' id='word_1_191' title='bbox 699 4032 724 4102; x_wconf 87' lang='lat'>4</span> 
     </span>
    </p>
   </div>
   <div class='ocr_carea' id='block_1_4' title="bbox 0 0 1504 5144">
    <p class='ocr_par' dir='ltr' id='par_1_5' title="bbox 0 0 1504 5144">
     <span class='ocr_line' id='line_1_31' title="bbox 0 0 1504 5144; baseline 0 8"><span class='ocrx_word' id='word_1_192' title='bbox 0 0 1504 5144; x_wconf 95' lang='lat' dir='ltr'> </span> 
     </span>
    </p>
   </div>
  </div>
 </body>
</html>
