3000 5144
426 589 822 662 Hrsronrnnunr
858 590 965 661 Lrn.
994 590 1056 660 IV.
1155 582 1223 686 2'97

264 785 373 834 voce:
401 768 430 804 “
457 765 540 833 Non
567 762 684 848 ided,’'
719 762 845 858 inquit,
878 768 906 802 “
926 763 1056 832 bellum
1085 760 1224 857 sumpsi·

263 887 291 922 “
308 906 397 968 mus,
423 900 461 951 ut
488 880 604 951 Batavi
633 886 665 951 ὅτ
694 880 834 951 Treveri
860 878 1020 975 gentibus
1045 878 1225 974 imperent.

262 1005 290 1039 “
309 1000 433 1070 Procul
451 999 525 1068 haec
548 1024 567 1069 a
586 998 684 1068 nobis
700 996 922 1092 adrogantia:
951 996 1096 1089 accipite
1121 995 1226 1068 socie-

261 1122 292 1158 “
309 1136 438 1187 tatem:
465 1114 691 1211 transgredior
702 1117 745 1186 ad
766 1141 841 1202 vos,
868 1114 924 1186 seu
941 1139 997 1185 me
1012 1116 1152 1201 ducem,
1170 1114 1227 1186 seu

264 1232 456 1304 “militem
483 1233 678 1305 mavultis.'’
727 1234 940 1304 Movebatur
967 1233 1106 1327 vulgus,
1144 1257 1226 1302 eon-

262 1349 459 1445 debantque
473 1350 606 1446 gladios
621 1378 632 1433 ;
660 1352 740 1422 cum
753 1352 965 1444 Campanus,
983 1374 1022 1419 ac
1036 1349 1226 1441 Juvenalis,

261 1493 305 1539 ex
323 1467 528 1562 primoribus
544 1471 786 1564 Tungrorum,
819 1465 1010 1538 universam
1038 1467 1068 1538 ei
1087 1486 1227 1562 gentem

259 1585 433 1656 dedidere.
464 1588 600 1672 Labeo,
615 1606 798 1681 antequam
811 1585 1125 1674 circumveniretur,
1147 1611 1227 1680 pro·

262 1700 362 1799 fugit.
395 1703 515 1775 Civilis
529 1707 674 1775 Betasros
690 1727 830 1798 quoque
846 1729 885 1774 ac
902 1704 1050 1775 Nervios
1066 1702 1102 1772 in
1121 1704 1227 1774 fidem

261 1841 434 1915 acceptos,
458 1820 565 1915 copiis
582 1819 647 1891 suis
662 1819 840 1916 adjunxit:
867 1822 989 1917 ingens
1005 1846 1132 1907 rerum,
1151 1845 1227 1915 per·

261 1939 358 2010 collis
374 1937 556 2009 civitatum
572 1936 707 2027 animis,
734 1941 790 2010 vel
806 1938 924 2034 sponte
941 1938 1194 2011 inclinantibus.

310 2058 460 2127 LXVII.
487 2056 664 2126 Iuram
679 2057 791 2149 Julius
807 2056 964 2142 Sabinus,
983 2054 1140 2151 projeelis
1161 2056 1227 2128 foe-

261 2174 351 2244 deris
389 2174 540 2246 Romani
569 2174 817 2263 monumentis,
853 2174 1000 2265 Caesarcm
1034 2172 1066 2245 se
1094 2172 1227 2247 salutari

254 2290 378 2388 jubet;
398 2297 674 2387 magnamque&
693 2291 905 2363 inconditam
922 2291 1140 2387 popularium
1157 2313 1226 2364 tur-

263 2412 344 2481 bam
372 2408 408 2479 in
431 2411 604 2504 Sequanos
630 2409 729 2504 rapit,
765 2409 1015 2482 conterminam
1039 2409 1226 2498 civitatem,
1296 2500 1299 2507 ¹

263 2531 296 2598 δι
326 2526 428 2598 nobis
454 2528 572 2598 fidam.
622 2529 699 2598 Nec
724 2527 870 2623 Sequani
896 2530 1127 2600 detret‘lavlre
1154 2555 1227 2601 eer-

262 2665 389 2716 tamen.
439 2647 592 2716 Fortuna
615 2644 813 2717 melioribus
827 2643 946 2717 adfuit.
996 2649 1073 2718 Fufi
1092 2647 1227 2743 Lingo-

261 2788 331 2834 nes.
380 2762 522 2834 Sabinus
553 2761 748 2834 festinatum
781 2783 910 2833 temere
944 2762 1118 2857 proelium,
1155 2765 1227 2859 pari

261 2879 446 2952 formidine
462 2879 615 2953 deseruit.
665 2883 787 2976 thue
807 2879 934 2951 samam
952 2879 1046 2950 exitii
1070 2879 1118 2952 sui
1137 2881 1227 2953 face-

259 3021 325 3087 ret,
355 3000 487 3087 villam‚
517 2999 681 3094 inquam
709 2996 913 3094 perfugerat,
941 2998 1128 3084 cremavit3
1156 3000 1226 3072 illic

262 3117 449 3188 voluntaria
478 3137 589 3188 morte
616 3115 776 3188 interiisse
803 3115 960 3187 creditus.
1009 3118 1074 3188 Sed
1101 3117 1227 3213 quibus

260 3235 387 3307 artibus
415 3234 630 3329 latebrisque,
667 3234 772 3305 vitam
792 3259 852 3328 per
868 3259 997 3305 novem
1020 3261 1105 3306 mox
1120 3262 1227 3307 annos

263 3352 464 3439 traduxerit,
491 3354 589 3424 simul
616 3353 805 3424 amicorum
835 3350 907 3446 ejus
931 3353 1166 3442 constantiam,
1193 3359 1226 3425 δι

262 3473 390 3567 insigne
411 3470 580 3564 Eponinae
604 3470 720 3541 uxoris
737 3472 950 3565 exemplum,
969 3469 1027 3542 suo
1049 3472 1126 3542 loco
1153 3474 1228 3543 red·

262 3593 396 3662 demus.
446 3591 679 3684 Sequanorum
711 3588 864 3683 prospera
892 3588 977 3676 acie,
1008 3588 1088 3659 belli
1117 3590 1227 3685 impe·
1296 3611 1299 3616 ’

259 3732 314 3780 tus
341 3707 441 3778 stetit.
491 3705 697 3800 Resipiscere
719 3706 895 3800 paullatim
920 3706 1083 3794 civitates,
1113 3706 1228 3802 fasque

260 3826 436 3898 &foedera
462 3825 638 3919 respicere,
668 3821 880 3918 principibus
909 3825 1044 3912 Remis,
1075 3824 1133 3920 qui
1166 3851 1226 3921 per
