3000 5144
333 526 377 598 88
524 523 567 595 C.
608 521 874 594 Conriniii
916 518 1115 592 Tiictrr

329 699 415 774 mari
433 697 596 796 cingitur,
623 705 656 773 &
675 699 829 798 parando
846 694 983 770 interim
1005 694 1100 767 bello
1114 690 1307 770 secundum

330 841 514 916 tutumque
530 819 640 915 ipsum
662 843 767 892 mare.

380 942 458 1011 Vll.
484 940 576 1010 Non
594 937 735 1010 fallebat
747 938 852 1010 duces
869 934 1016 1033 impetus
1028 934 1191 1008 militum.
1224 933 1306 1024 Sed,

329 1058 538 1131 bellantibus
553 1056 641 1145 aliis,
660 1053 790 1153 placuit
802 1053 988 1151 exspedari
1001 1056 1159 1127 belluni:
1187 1059 1215 1096 “
1232 1051 1308 1126 vic·

331 1184 359 1220 “
379 1197 468 1250 tores
484 1174 659 1271 visosque
677 1200 869 1271 numquam
887 1174 991 1246 solidas
1008 1174 1079 1246 fide
1094 1170 1305 1247 coalescere:

335 1302 362 1339 “
381 1321 446 1368 nec
463 1295 584 1368 referre
604 1293 796 1381 Vitellium,
818 1318 862 1365 ari
879 1293 1071 1382 Othonem,
1099 1289 1309 1387 superstitem

331 1422 358 1462 “
377 1416 516 1488 fortuna
532 1411 667 1486 faceret.
718 1414 839 1486 Rebus
859 1410 1017 1484 secundis
1032 1409 1138 1484 etiam
1154 1410 1310 1508 egregios

333 1536 485 1607 “duces
513 1531 736 1605 insolescere:
779 1529 984 1602 discordiam
1019 1528 1085 1618 his,
1117 1528 1308 1625 ignaviam,

335 1661 364 1700 “
382 1652 580 1727 luxuriem:
613 1655 646 1723 δι
659 1649 794 1724 suismet
807 1649 914 1740 vitiis,
931 1652 1078 1723 alterum
1095 1652 1202 1738 bello,
1227 1651 1311 1724 alte*

336 1779 365 1818 “
382 1797 462 1846 rum
480 1770 621 1844 vidorirl
638 1769 865 1867 periturum.''
914 1769 1024 1867 Igitur
1040 1795 1136 1843 arma
1154 1769 1191 1841 in
1210 1795 1313 1843 occa-

336 1896 468 1967 sionem
483 1890 657 1980 distulere,
676 1888 898 1986 Vespasianus
915 1888 1170 1987 Mucianusque
1188 1914 1312 1986 nuper,

335 2011 440 2087 ceteri
454 2010 539 2086 olim
552 2010 671 2083 mixtis
683 2008 829 2082 consiliis
845 2037 854 2080 :
874 2008 1027 2105 optimus
1041 2008 1184 2106 quisque
1196 2034 1313 2082 amore

335 2131 532 2227 reipublicae
549 2158 558 2202 :
579 2131 706 2202 multos
718 2128 867 2202 dulcedo
881 2130 1074 2224 praedarum
1089 2128 1285 2203 stimulabat
1301 2157 1311 2202 :

334 2249 419 2323 tilios
436 2248 613 2345 ambigua
629 2247 725 2321 domi
741 2273 804 2320 res.
845 2250 898 2320 Ita
914 2247 998 2322 boni
1016 2247 1182 2344 malique,
1208 2252 1314 2322 causis

334 2367 488 2456 diversis,
512 2367 627 2439 studio
645 2366 731 2462 pari,
757 2366 888 2439 bellum
905 2392 1026 2440 omnes
1042 2367 1241 2464 cupiebant.

385 2487 484 2558 VIII.
510 2488 584 2559 Suri
604 2485 697 2558 idem
715 2505 851 2581 tempus
865 2486 999 2558 Achaia
1014 2503 1118 2581 atque
1126 2489 1212 2559 'Asia
1228 2483 1314 2560 salsd

334 2605 519 2694 exterritae,
539 2605 634 2676 velut
651 2604 747 2677 Nero
764 2606 990 2677 adventaret:
1022 2605 1116 2678 vario
1138 2603 1237 2702 super
1252 2632 1313 2679 ex-

335 2725 387 2798 itu
410 2722 479 2820 ejus
506 2749 656 2814 rumore,
683 2724 795 2820 eoque
818 2724 972 2821 pluribus
994 2725 1112 2798 vivere
1139 2750 1221 2798 eum
1246 2727 1314 2798 fin-

335 2844 510 2943 gentibus,
536 2841 832 2939 credentibusque.
882 2845 1083 2917 Ceteromm
1100 2843 1194 2917 casus
1210 2870 1314 2918 cona-

336 2962 460 3061 tusque
475 2963 512 3035 iri
529 2981 694 3036 contextu
722 2961 835 3057 operis
852 2960 1023 3035 dicemus.
1076 2965 1180 3037 Tunc
1200 2960 1317 3037 servus

337 3109 358 3156 e
374 3085 503 3171 Ponto,
526 3087 607 3171 sive,
627 3101 665 3154 ut
683 3081 738 3153 alii
754 3081 938 3171 tradidere,
956 3081 1135 3155 libertinus
1147 3108 1191 3155 ex
1203 3083 1315 3172 ltalia,

339 3202 481 3276 citharae
500 3205 534 3274 δι
551 3202 669 3273 canths
695 3199 824 3296 peritus
851 3203 963 3295 (unde
985 3201 1049 3291 illi,
1079 3202 1176 3298 super
1200 3201 1316 3275 simili·

337 3321 497 3394 tudinem
531 3320 613 3410 oris,
652 3320 790 3417 propior
816 3322 861 3392 ad
893 3319 1085 3393 fallendum
1113 3322 1217 3413 fides)
1255 3322 1317 3394 ad·

331 3437 461 3538 jundis
477 3438 714 3528 desertoribus,
740 3465 828 3537 quos
854 3439 972 3536 inopis:
987 3466 1096 3538 vagos
1117 3439 1318 3538 ingentibus

340 3560 506 3655 promissis
523 3578 736 3655 corruperat,
763 3583 857 3632 mare
873 3557 1087 3656 ingreditur:
1114 3585 1154 3632 ac
1172 3560 1207 3632 vi
1229 3581 1318 3634 teni·

340 3678 512 3774 pestatum
533 3679 712 3772 Cythnum
740 3675 884 3751 insulam
909 3677 1077 3768 detrusus,
1105 3683 1138 3751 ὃ(
1165 3678 1318 3753 militum

341 3795 512 3891 quosdam
541 3822 585 3868 eit
611 3797 752 3869 Oriente
778 3798 1050 3871 commeantium
1072 3797 1229 3886 adscivit,
1262 3800 1319 3871 vel

343 3915 531 3987 abnuentes
544 3913 687 3990 interfici
698 3914 805 4014 jussit,
824 3921 857 3990 δι
875 3915 1023 4014 spoliatis
1035 3917 1321 4016 negotiatoribus,
