3000 5144
341 558 388 645 84
571 551 613 624 C.
644 551 918 628 Conunnrr
950 554 1149 630 Tnctrr

338 726 492 814 aderant,
525 721 585 820 qui
603 749 700 796 arma
716 722 847 796 Vitellii
865 724 1067 820 bellumque
1082 725 1313 799 affirmarent:

337 828 613 931 anxius'animo,
638 842 755 939 paucis
772 841 963 915 amicorum
986 841 1161 932 adhibitis,
1190 846 1318 927 cuncta

337 962 511 1059 utrimque
546 962 734 1058 perlustrat.
790 960 870 1034 “Si
898 979 1057 1058 pergeret
1090 960 1127 1032 in
1159 964 1313 1054 Urbem,

338 1088 366 1123 “
384 1083 518 1152 nullam
535 1079 637 1153 officii
656 1080 815 1177 gratiam,
841 1079 877 1152 in
898 1081 1035 1152 alterius
1057 1082 1230 1153 honorem
1245 1078 1313 1152 sus·

340 1206 367 1242 “
386 1199 494 1295 cepti:
527 1226 565 1272 ac
582 1201 614 1273 se
630 1199 784 1288 Vitellio,
813 1201 879 1271 five
895 1198 1042 1288 Othoni,
1061 1200 1214 1271 obsidem
1231 1197 1316 1279 fore,

338 1326 366 1361 “
384 1319 444 1392 Sin
467 1318 604 1407 rediret,
622 1317 785 1392 offensam
803 1319 895 1391 haud
913 1317 1057 1390 dubiam
1074 1317 1230 1391 victoris:
1256 1317 1316 1391 sed

339 1445 367 1484 “
385 1439 512 1511 incerti
537 1438 651 1509 adhuc
679 1435 837 1526 victoria,
867 1441 901 1509 δε
918 1438 1130 1513 concedente
1151 1437 1186 1510 in
1204 1458 1316 1533 partes

341 1566 369 1603 “
388 1579 495 1655 patre,
515 1557 627 1628 filium
655 1553 867 1627 excusatum.
916 1555 975 1629 Sin
990 1556 1211 1652 Vespafianus
1226 1581 1316 1630 rem·

341 1685 369 1720 “
388 1675 565 1773 publicam
590 1672 782 1769 susciperet,
800 1672 1076 1750 obliviscendum
1092 1674 1314 1767 offensarum,

339 1803 367 1838 “
385 1796 539 1867 debello
557 1793 807 1890 agitantibus.''

386 1917 433 1987 ΙΙ.
460 1917 538 1987 H1s
560 1939 599 1985 ac
617 1911 741 1985 talibus
767 1911 853 1984 inter
875 1911 970 2010 spem
988 1930 1193 2010 metumque
1202 1911 1313 2010 jacta

339 2055 429 2122 turn,
455 2032 527 2128 spes
554 2031 648 2104 vicit.
699 2032 808 2104 Fuere
836 2030 897 2127 qui
926 2031 1153 2105 “accensum
1181 2033 1313 2106 defide-

340 2152 438 2227 “rio
466 2150 644 2223 Berenices
673 2150 816 2247 reginae,
844 2150 980 2224 vertisse
1006 2150 1092 2223 iter''
1124 2152 1313 2227 crederent.

337 2275 466 2367 Neque
492 2269 697 2340 abhorrebat
722 2294 742 2339 a
768 2269 930 2341 Berenice
955 2267 1121 2365 juvenilis
1153 2269 1311 2347 animm:

337 2390 395 2463 sed
413 2385 572 2486 gerendis
598 2388 699 2458 rebus
716 2389 851 2460 nullum
869 2413 914 2460 ex
935 2413 977 2460 eo
994 2386 1310 2484 impedimentum:

338 2513 453 2583 laetam
470 2504 707 2600 voluptatibus
729 2506 994 2580 adolescentiam
1016 2507 1101 2605 egit,
1128 2506 1189 2582 suo
1205 2513 1313 2607 quim

340 2627 444 2726 patris
471 2624 617 2722 imperio
650 2624 847 2697 modestior.
897 2625 1007 2724 lgitur
1028 2653 1124 2702 oram
1153 2629 1312 2720 Achaiae,

340 2753 374 2820 δι
405 2749 509 2835 nfiae,
537 2770 577 2816 ac
603 2746 691 2816 laeva
715 2744 819 2818 maris
846 2747 1046 2841 praevectus,
1075 2748 1248 2821 Rhodum
1277 2754 1314 2824 δι

338 2869 498 2963 Cyprum
515 2861 650 2952 insulas,
677 2862 758 2934 inde
774 2862 904 2958 Syriam
927 2865 1183 2965 audentioribus
1199 2865 1315 2963 spatiis
1367 2864 1369 2868 ’

341 2989 491 3085 petebat.
553 2988 673 3078 Atque
705 2983 804 3053 illum
838 2983 968 3078 cupido
996 2983 1137 3075 inceffit,
1162 2987 1314 3060 adeundi

339 3105 541 3201 visendique
557 3103 726 3198 templum
744 3102 885 3198 Paphiae
904 3103 1059 3192 Veneris,
1079 3103 1235 3177 inclitum
1254 3131 1316 3202 per

339 3226 518 3322 indigenas
533 3220 761 3318 advenasque.
812 3223 921 3295 Haud
938 3221 1039 3295 fuerit
1056 3225 1202 3321 longum
1218 3225 1314 3300 initia

339 3342 528 3441 religionis,
547 3339 667 3436 templi
680 3342 795 3429 fitum,
813 3337 960 3414 formam
977 3342 1066 3432 deae,
1091 3344 1315 3439 nequeenim

342 3463 425 3536 alibi
442 3467 484 3535 fic
500 3463 660 3549 habetur,
679 3456 797 3557 paucis
813 3459 982 3539 differere.

389 3584 451 3653 111.
493 3587 520 3623 “
547 3582 816 3652 Couorronau
850 3579 996 3676 templi''
1024 3606 1142 3679 regem
1169 3583 1313 3657 Aeriam

340 3721 439 3774 vetus
463 3698 643 3787 memoria,
667 3698 810 3794 quidam
839 3706 866 3740 “
883 3699 985 3795 ipfius
1006 3699 1081 3773 deae
1103 3727 1232 3774 nomen
1253 3702 1314 3775 id''

342 3819 533 3917 perhibent.
598 3819 706 3889 Fama
734 3817 902 3890 recentior
933 3818 1049 3908 tradit,
1081 3826 1153 3892 “a
1184 3821 1315 3917 Cinyra

344 3945 371 3984 “
390 3935 555 4012 sacratum
571 3936 756 4036 templum,
783 3938 960 4041 deamque·
977 3937 1085 4036 ipsam
1107 3960 1313 4039 conceptam
