3000 5144
426 573 812 647 Hrsronrnnuu
847 573 955 646 Lrn.
993 569 1057 646 111.
1160 573 1225 668 187

260 745 395 836 dentes,
421 746 616 842 prensarent
637 747 787 820 hostium
803 750 871 821 tela
887 749 1117 845 brachiaque:
1145 747 1233 818 inte·

261 867 312 964 gri
330 893 411 939 cum
429 865 560 954 sauciis,
588 864 771 939 semineces
790 893 871 939 curn
888 866 1136 964 exspirantibus
1154 866 1230 938 vol·

260 1005 400 1073 vunnu,
426 985 516 1056 varid
534 985 748 1080 pereuntium
765 982 889 1074 formal,
912 984 1060 1058 &omni
1079 983 1230 1082 imagine

261 1104 439 1176 mortium.

311 1225 448 1296 XXIX.
475 1226 741 1313 Acnnnrnunr,
758 1223 865 1295 tertiae
881 1222 1105 1319 septimaeque
1123 1222 1231 1320 legio-

263 1368 363 1430 num,
392 1360 562 1412 certamen
581 1369 600 1412 ι.
618 1344 651 1412 &
675 1341 750 1413 dux
767 1341 955 1430 Antonius,
984 1367 1064 1414 cum
1091 1340 1232 1413 delestis

263 1460 498 1547 auxiliaribus,
524 1459 648 1531 eddem
666 1459 874 1533 incubuerat.
923 1460 1121 1534 Obstinatos
1144 1460 1234 1533 inter

263 1577 296 1652 se
313 1580 394 1651 clim
407 1578 568 1650 sustinere
585 1577 758 1652 Vitelliani
775 1578 969 1676 nequirent,
1000 1584 1033 1652 δι
1049 1577 1235 1677 superjesla

264 1700 331 1771 tela
348 1696 516 1771 testudine
532 1698 738 1787 laberentur,
764 1697 874 1794 ipsam
887 1697 1060 1794 postremi>
1076 1699 1233 1771 balistam

266 1815 301 1887 in
319 1814 501 1889 subeuntes
517 1817 722 1913 propulere:
753 1843 830 1914 quae
847 1836 887 1888 ut
913 1816 957 1888 ad
974 1816 1117 1914 praesens
1132 1815 1234 1915 disje-

266 1935 313 2008 cit
329 1935 527 2033 obruitque,
558 1961 644 2032 quos
666 1933 856 2020 inciderat3
882 1934 930 2007 ita
951 1935 1073 2032 pinnas
1088 1961 1127 2009 ac
1143 1934 1235 2008 sum·

265 2079 323 2129 ma
339 2055 419 2127 valli
435 2053 532 2127 ruins
544 2053 600 2126 sui
616 2053 720 2126 traxit
737 2082 746 2126 :
775 2054 873 2126 fimul
885 2052 1006 2151 junfla
1020 2054 1133 2145 turris,
1156 2053 1233 2128 ieri·

267 2173 332 2247 bus
360 2173 520 2246 saxorum
542 2175 661 2245 cessit:
691 2175 760 2270 qus
776 2170 953 2269 septimani
976 2172 1063 2245 dum
1080 2172 1236 2246 nituntur

266 2292 395 2382 cuneis,
418 2292 578 2366 tertianus
595 2290 765 2365 securibus
783 2289 971 2388 gladiisque
998 2311 1133 2387 portam
1157 2315 1234 2388 per-

268 2408 380 2509 fregit.
415 2411 572 2485 Primum
589 2411 747 2508 inrupisse
762 2412 1007 2501 C.Volus1um‚
1023 2411 1132 2483 tertiae
1148 2411 1236 2509 legi·

269 2530 345 2603 onis
360 2530 521 2622 militem,
551 2531 641 2603 inter
663 2555 783 2602 omnes
800 2532 954 2602 austures
972 2530 1130 2602 constat:
1155 2530 1183 2603 is
1199 2529 1236 2602 in

269 2651 400 2722 vallum
428 2652 592 2748 egressus,
623 2647 812 2721 deturbatis
835 2648 897 2744 qui
925 2648 1125 2738 restiterant,
1151 2674 1235 2721 con-

268 2764 403 2863 spicuus
419 2794 523 2842 manu
539 2794 579 2841 ac
596 2793 696 2857 voce,
724 2774 753 2810 “
771 2788 872 2863 capta
895 2768 1025 2841 castra''
1041 2768 1235 2842 conclama-

269 2885 333 2957 vit.
383 2887 511 2976 Ceteri,
535 2886 675 2984 trepidis
682 2884 757 2983 jam
773 2885 977 2974 Vitellianis,
993 2883 1097 2982 seque
1113 2911 1132 2958 e
1147 2888 1238 2960 vallo

270 3004 575 3102 praecipitantibus,
590 3006 786 3101 perrupdre:
807 3006 1000 3101 completur
1009 3005 1116 3094 caede,
1128 3030 1238 3103 quan·

271 3143 348 3197 tum
365 3126 452 3198 inter
469 3126 573 3199 castra
590 3122 772 3221 murosque
788 3123 888 3198 vacui
911 3124 987 3197 fuit.

322 3245 445 3316 XXX.
468 3248 528 3316 Ar
554 3241 664 3315 rursus
681 3267 772 3314 nova
795 3244 954 3316 laborum
977 3242 1102 3330 sacies3
1131 3244 1239 3317 ardua

269 3359 366 3434 urbis
383 3361 525 3450 moenia,
536 3362 643 3433 saxeae
656 3382 775 3450 turres,
793 3359 905 3434 ferrati
918 3382 1091 3458 portarum
1107 3363 1237 3454 obices,

270 3481 411 3554 vibrans
427 3483 496 3552 tela
519 3480 630 3570 miles,
655 3478 814 3576 frequens
829 3478 1071 3576 obsbislusque
1087 3482 1240 3555 Vitellia·

271 3599 326 3672 nis
354 3599 507 3696 partibus
534 3600 770 3671 Cremonensis
803 3599 965 3695 populus,
1005 3624 1134 3696 magna
1163 3627 1239 3697 pars

274 3717 397 3807 ltaliae,
423 3718 509 3790 stato
533 3717 568 3789 in
585 3716 722 3790 eosdem
747 3717 819 3790 dies
836 3737 987 3790 mercatu
1003 3738 1237 3816 congregata:

271 3838 371 3932 quod
404 3833 637 3910 defensoribus
678 3835 847 3909 auxilium
886 3838 934 3908 ob
966 3835 1238 3928 multitudinem,

274 3955 557 4052 oppugnantibus
591 3955 854 4029 incitamentum
885 3958 933 4028 ob
967 3954 1120 4052 praedam
1156 3977 1239 4031 erat.
