3000 5144
354 581 744 659 Hrsron1nnuru
779 586 890 658 Lrn.
919 582 963 656 V.
1079 603 1144 680 321

184 754 212 790 “
229 750 446 841 Bocchorim,
481 753 575 825 adito
610 754 823 827 Hammonis
856 756 1010 842 oraculo,
1042 777 1151 824 reme-

184 868 326 941 “dium
353 891 541 966 petentem,
570 897 719 970 purgare
746 898 906 971 regnum,
932 878 964 945 δι
991 873 1025 943 id
1043 895 1151 968 genus

184 993 212 1028 “
228 989 425 1077 hominum,
455 1009 493 1061 ut
515 989 662 1062 invisum
679 991 766 1080 deis,
797 991 876 1064 alias
896 991 932 1062 in
956 1011 1057 1062 terras
1074 1015 1153 1061 ave·
1218 1042 1220 1047 «

184 1114 211 1148 “
228 1109 307 1179 here
323 1106 456 1202 jussum.
498 1109 551 1182 Sic
565 1111 793 1206 conquisitum
811 1111 1065 1205 collectumque
1078 1110 1154 1182 vul-

185 1232 212 1267 “
232 1227 309 1322 gns,
340 1226 521 1323 postquam
546 1229 648 1301 vastis
674 1230 758 1301 locis
775 1229 930 1301 relidum
949 1231 1011 1312 su3
1035 1227 1154 1299 ceteris

185 1350 293 1441 “per
318 1345 475 1417 lacrimas
504 1346 736 1443 torpentibus,
759 1346 900 1436 Mosen,
926 1371 1037 1419 unum
1055 1345 1154 1418 exsu-

187 1470 213 1505 “
232 1466 321 1554 lum,
351 1463 532 1553 monuisse,
561 1491 605 1537 ne
633 1491 738 1562 quam
761 1468 907 1537 deorum
931 1464 1155 1537 hominumve

185 1589 334 1679 “opem
359 1582 605 1678 exspectarent,
630 1584 805 1680 utrimque
830 1583 969 1668 deserti3
996 1583 1053 1655 sed
1079 1582 1154 1654 fibi-

186 1708 213 1741 “
233 1721 319 1789 met,
353 1723 390 1774 ut
416 1703 496 1775 duci
525 1703 663 1792 caelesti,
697 1705 886 1791 crederent,
922 1702 1035 1800 primo
1063 1700 1158 1799 cujus

186 1827 213 1861 “
232 1820 360 1893 auxilio
378 1823 553 1917 praesentes
570 1821 717 1893 miserias
736 1821 975 1918 pepuliffent.''
1023 1818 1157 1892 Adsen-

186 1941 272 2029 sdre,
303 1961 407 2037 atque
429 1941 587 2012 omnium
609 1940 716 2037 ignari
742 1938 924 2012 fortuitum
947 1939 1010 2011 iter
1036 1937 1157 2034 incipi·

185 2079 260 2131 unt.
310 2061 376 2131 Sed
395 2058 480 2131 nihil
498 2058 612 2154 aeque,
638 2059 743 2155 quam
762 2058 880 2155 inopia
902 2084 1015 2154 aquae,
1033 2055 1156 2153 fatiga·
1228 2066 1237 2090 ⁸

185 2179 257 2250 bat.
290 2180 441 2275 Jamque
453 2180 546 2250 haud
559 2180 681 2274 procul
695 2177 816 2267 exitio,
830 2177 909 2249 totis
927 2175 1058 2273 campis
1076 2200 1157 2271 pro-

185 2301 388 2385 cubuerant,
407 2299 488 2369 cirm
506 2322 592 2394 grex
613 2300 784 2369 asinorum
801 2296 1000 2394 agrestium,
1024 2319 1043 2366 e
1064 2295 1160 2390 pastu

183 2416 218 2488 in
243 2441 381 2511 rupem,
415 2441 557 2487 nemore
585 2441 746 2512 opacam,
785 2414 955 2488 concessit.
1019 2417 1159 2488 Secutus

185 2532 318 2621 Moses,
338 2532 532 2631 conjectura
548 2534 681 2606 herbidi
694 2535 767 2623 soli,
786 2536 896 2631 largas
913 2560 1081 2630 aquarum
1097 2557 1157 2605 ve·

188 2678 247 2724 nas
260 2653 376 2747 aperit.
428 2656 468 2726 Id
485 2656 665 2727 levamen:
686 2654 934 2727 &continuum
952 2653 1008 2724 sex
1025 2652 1161 2723 dierum

190 2771 253 2844 iter
280 2775 419 2862 emensi,
443 2772 602 2868 septim0,
629 2775 729 2869 pulsis
756 2772 959 2860 cultoribus,
982 2769 1162 2842 obtinuere

187 2912 305 2981 terras,
320 2891 356 2962 in
374 2894 453 2987 quis
471 2895 553 2966 urbs
571 2895 603 2963 δι
622 2893 793 2987 templum
805 2891 927 2963 dicata.

236 3013 298 3084 IV.
324 3015 479 3101 Moses,
505 3011 576 3108 qud
598 3010 659 3084 fibi
684 3011 719 3082 in
745 3010 916 3106 posterum
940 3029 1078 3105 gentem
1102 3011 1157 3082 sir·

189 3149 311 3219 maret,
341 3155 452 3201 novos
468 3129 565 3218 ritus,
597 3129 847 3225 contrariosque
872 3127 988 3201 ceteris
1011 3128 1161 3199 mortali·

190 3253 270 3339 bus,
296 3247 434 3321 indidit.
484 3248 631 3320 Prosana
656 3248 725 3320 illic
743 3246 874 3337 omnia,
893 3272 970 3343 quae
985 3248 1077 3342 apud
1099 3272 1164 3318 nos

190 3368 303 3440 sacra:
334 3365 468 3439 rursum
495 3369 649 3439 concessa
665 3368 759 3462 apud
782 3366 871 3455 illos,
898 3393 975 3463 quae
992 3365 1092 3437 nobis
1110 3365 1162 3436 in-

192 3486 291 3559 cesto.
342 3485 504 3582 Effigiem
535 3485 704 3572 animalis,
731 3510 801 3581 quo
830 3485 1041 3556 monstrante
1070 3508 1164 3554 erro·

191 3629 264 3676 rem
282 3602 440 3700 fitimque
457 3606 673 3700 depulerant,
691 3601 854 3699 penetrali
871 3599 1062 3685 sacravdre3
1081 3598 1167 3672 caeso

192 3722 308 3811 ariete,
343 3724 437 3794 velut
466 3723 501 3793 in
537 3721 781 3794 contumeliam
815 3718 1038 3794 Hammonis.
1103 3719 1169 3790 Bos
1238 3803 1243 3817 .

191 3866 333 3937 quoque
355 3841 566 3929 immolatur,
594 3866 701 3937 quem
727 3839 889 3937 AEgyptii
914 3837 1012 3933 Apin
1034 3837 1165 3926 colunt.

192 3962 259 4033 Sue
285 3959 466 4051 abstinent,
493 3958 660 4033 memoria
690 3957 808 4050 cladis,
839 3960 908 4056 qua
935 3954 1023 4054 ipsos
1043 3954 1169 4030 scabies

662 4077 697 4151 Y
