3000 5144
446 551 974 661 Hrsronrnnuanru.
1000 552 1061 623 IV.
1160 573 1228 649 275

255 711 410 810 jedlaret.
461 723 488 758 “
503 719 587 789 Hoc
605 717 735 805 certd,”
755 717 879 813 inquit,
905 723 932 760 “
949 719 1044 790 Nero
1063 742 1131 788 non
1150 722 1229 788 co&-

268 840 296 874 “
315 831 380 929 git,
400 858 463 906 nec
485 835 705 931 dignitatem,
724 858 782 907 aut
799 836 941 909 salutem
959 837 1016 909 ills
1032 835 1156 908 saevitit
1176 860 1230 906 re-

264 956 291 992 “
308 951 456 1023 demisti.
505 953 591 1025 Sane
619 955 805 1027 toleremus
833 955 977 1026 istorum
1007 954 1230 1041 defensiones,

263 1069 370 1165 “qui
397 1071 537 1165 perdere
561 1070 658 1158 alios,
686 1071 791 1167 quam
818 1071 998 1169 periclitari
1018 1072 1077 1167 ipsi
1102 1074 1233 1144 malue-

264 1194 292 1229 “
312 1207 401 1258 runt.
450 1189 505 1260 Te
522 1186 678 1260 securum
695 1189 874 1286 reliquerat
890 1188 985 1262 exsul
1001 1209 1111 1285 pater,
1130 1194 1162 1261 ἃ
1180 1189 1233 1261 di·

265 1313 293 1348 “
312 1304 381 1379 visa
398 1306 483 1378 inter
499 1308 680 1380 creditores
698 1310 802 1395 bona,
818 1310 975 1380 nondum
989 1310 1161 1380 honorum
1178 1333 1233 1380 ca·

264 1431 291 1468 “
310 1450 379 1520 pax
397 1444 500 1497 aetas:
522 1424 608 1496 nihil
626 1427 721 1524 quod
740 1450 783 1497 ex
800 1447 834 1498 te
851 1425 1104 1522 concupisceret
1122 1429 1233 1515 Nero,

266 1551 294 1586 “
313 1542 398 1615 nihil
416 1545 513 1639 quod
530 1543 689 1616 timeret:
714 1543 856 1615 libidine
873 1543 1058 1641 sanguinis,
1080 1549 1113 1617 &
1138 1543 1235 1617 hiatu
1339 1588 1344 1595 ·

266 1669 294 1704 “
313 1661 549 1758 praemiorum,
575 1661 734 1759 ignotum
751 1663 866 1735 adhuc
882 1662 1075 1759 ingenium,
1099 1667 1132 1734 δι
1156 1665 1235 1735 nul-

267 1787 295 1822 “
314 1780 353 1852 lis
370 1777 622 1853 defensionibus
648 1799 843 1876 expertum,
868 1782 963 1853 caede
987 1781 1095 1854 nobili
1119 1780 1233 1855 imbu-

267 1905 294 1943 “
311 1899 366 1971 isti
384 1927 393 1970 :
422 1899 504 1971 cum
521 1924 565 1970 ex
582 1897 701 1970 funere
718 1898 930 1994 reipublicae,
961 1899 1065 1995 raptis
1082 1899 1234 1972 consula·

269 2024 296 2062 “
315 2017 408 2090 ribus
425 2016 550 2114 spoliis,
568 2015 758 2113 septuagies
775 2014 921 2089 sestertio
937 2016 1119 2115 saginatus,
1138 2023 1170 2090 ἃ
1187 2016 1237 2090 sa·

266 2142 295 2179 “
313 2136 469 2210 cerdotio
492 2134 642 2232 fulgens,
671 2134 832 2207 innoxios
850 2161 986 2232 pueros,
1010 2136 1165 2209 inlustres
1187 2135 1235 2209 se·

268 2262 297 2298 “
315 2280 387 2344 nes,
423 2252 623 2350 conspicuas
654 2252 799 2326 feminas
826 2255 947 2326 eadem
976 2254 1073 2327 ruinfi
1091 2255 1235 2350 proster-

269 2382 295 2416 “
315 2397 428 2445 neres:
460 2374 542 2445 clun
567 2371 747 2469 segnitiam
765 2371 915 2444 Neronis
937 2372 1115 2461 incusares,
1142 2373 1238 2470 qudd

270 2498 375 2587 “per
403 2491 550 2587 singulas
578 2491 717 2579 domos,
747 2489 848 2587 seque
871 2492 1092 2564 &delatores
1116 2490 1237 2589 fatiga-

272 2616 301 2651 “
320 2629 393 2681 ret:
423 2610 517 2704 poffe
547 2607 743 2682 universum
776 2608 927 2681 senatum
957 2612 1025 2682 unla
1047 2636 1134 2683 voce
1159 2611 1238 2686 sub·

272 2735 299 2772 “
318 2726 413 2800 verti.
464 2727 640 2817 Retinete,
666 2747 774 2824 patres
795 2725 989 2822 conscripti,
1019 2728 1242 2802 &reservate

272 2845 496 2919 “hominem
524 2865 597 2919 tam
622 2845 776 2941 expediti
801 2844 944 2933 consilii,
970 2864 1007 2916 ut
1032 2845 1144 2916 omnis
1161 2867 1242 2919 aetas

271 2974 298 3009 “
316 2965 479 3038 instruda
505 2970 564 3050 s1t;
603 2970 652 3054 u,
677 2964 867 3060 ‚quomodo
890 2962 982 3036 senes
1011 2962 1115 3036 nostri
1144 2966 1241 3035 Mar-

272 3093 300 3130 “
320 3087 464 3172 cellum,
493 3081 667 3180 Crispum,
683 3080 827 3179 juvenes
852 3085 1032 3179 Regulum
1055 3081 1242 3155 imitentur.

272 3212 300 3248 “
319 3202 458 3277 lnvdnit
481 3202 585 3274 etiam
603 3202 746 3275 aemulos
768 3200 888 3273 infelix
912 3200 1090 3298 nequitia:
1118 3200 1243 3297 quidsr

276 3326 441 3395 “floreat
468 3321 682 3418 vigeatque?
749 3323 927 3416 Ecquem
954 3321 1067 3392 adhuc
1099 3319 1245 3415 quaesto-

275 3451 302 3486 “
320 3441 409 3514 rium
426 3440 599 3513 offendere
615 3463 686 3510 non
699 3441 878 3526 audemus,
893 3438 1089 3533 praetorium
1108 3443 1141 3511 &
1160 3462 1245 3511 con·-

275 3568 303 3604 “
321 3558 465 3633 sularem
495 3558 595 3631 visuri
623 3556 764 3630 sumus?
829 3561 888 3628 An
914 3557 1106 3644 Neronem,
1135 3577 1247 3631 extre·

277 3685 304 3720 “
324 3703 425 3750 mum
442 3677 665 3749 dominorum
693 3674 845 3772 putatis?
897 3676 995 3746 ldem
1020 3675 1247 3764 crediderant,
1346 3729 1351 3738 .

276 3805 303 3840 “
323 3796 382 3893 qui
403 3795 562 3883 Tiberio,
586 3795 646 3892 qui
663 3795 750 3867 Caio
776 3792 965 3889 superstites
982 3789 1135 3864 suerunt:
1164 3794 1247 3869 curn

277 3923 304 3965 “
323 3913 460 3988 interim
477 3912 709 4003 intestabilior,
728 3918 761 3986 &
779 3911 899 3985 saevior
916 3910 1124 3985 exortusest.
1165 3914 1250 3987 Non

742 4031 778 4104 T
803 4054 823 4103 2
978 4042 981 4047 ’
