3000 5144
988 302 1006 333 1

428 555 828 627 Hrsrontnaun
861 554 969 626 Lra.
1000 556 1060 626 IV.
1159 558 1228 650 283

259 730 446 825 latumque
477 729 580 803 tantis
614 728 785 803 sociorum
815 728 950 802 auxiliis
986 730 1123 819 ambiri,
1169 754 1229 801 ne-

260 873 328 944 que
344 848 509 945 indigere.
559 848 687 921 Gratiae
705 847 876 945 Vologeso
893 851 989 937 astae,
1011 850 1231 920 mandatum·

260 992 340 1062 que,
372 974 398 1008 “
418 988 457 1039 ut
473 970 603 1064 legatos
621 969 665 1039 ad
693 964 847 1038 senatum
864 966 1026 1053 mitteret,
1056 973 1088 1039 δε
1109 993 1231 1063 pacem

261 1086 288 1136 ⁵‘
308 1088 373 1158 esse
407 1085 537 1179 sciretf’
595 1085 816 1180 Vespasianus
853 1084 889 1154 in
928 1085 1077 1174 ltaliam,
1113 1084 1231 1181 resque

261 1205 367 1277 Urbis
394 1205 555 1292 intentus,
583 1201 759 1275 adversam
791 1203 836 1274 de
869 1204 1071 1275 Domitiano
1103 1201 1232 1277 samam

260 1322 411 1417 accipit3
443 1331 470 1365 “
488 1344 667 1419 tamquam
686 1320 853 1393 terminos
882 1322 1001 1408 atatis,
1031 1326 1063 1394 δι
1080 1324 1234 1394 concessa

262 1441 380 1512 “filio
402 1442 656 1537 egrederetur.'’
704 1439 815 1536 lgitur
837 1440 1076 1512 validiffimam
1102 1440 1231 1513 exerci-

259 1559 314 1629 tiis
342 1580 474 1655 partem
502 1559 586 1630 Tito
608 1557 727 1646 tradit,
756 1559 802 1629 ad
830 1558 959 1654 reliqua
983 1559 1120 1652 Judaici
1150 1558 1231 1633 belli

263 1679 499 1773 perpetranda.

309 1798 390 1868 Lll.
428 1798 584 1885 Trrum,
621 1817 807 1892 antequam
839 1794 1086 1892 digrederetur,
1120 1798 1233 1871 multo

261 1916 355 2009 apud
380 1935 511 2011 patrem
538 1914 692 1987 sermone
710 1916 818 1987 orasse
841 1914 1032 2002 dicebatur,
1059 1923 1085 1957 “
1105 1942 1149 1988 ne
1166 1916 1232 1988 cri·

263 2038 290 2074 “
308 2033 513 2108 minantium
539 2034 666 2107 nuntiis
695 2054 823 2106 temere
849 2033 1116 2119 accenderetur3
1144 2033 1247 2123 integ

262 2158 288 2193 “
309 2176 479 2250 grumque
495 2151 528 2224 se
545 2179 584 2225 ac
602 2152 808 2249 placabilem
826 2151 899 2223 filio
918 2153 1099 2248 praestaret.
1148 2155 1233 2224 Non

261 2276 289 2312 “
307 2270 474 2368 legiones,
513 2297 582 2344 non
615 2274 745 2358 classes,
785 2271 927 2366 perinde
964 2272 1065 2343 firma
1096 2270 1251 2367 imperii·

264 2396 292 2432 “
312 2391 537 2479 munimenta,
565 2391 671 2486 quam
689 2415 874 2483 numerum
893 2389 1093 2463 liberorum.
1138 2393 1234 2465 Nam

262 2515 289 2550 “
307 2508 434 2580 amicos
451 2530 619 2605 tempore,
633 2509 781 2597 fortuni,
794 2507 1017 2604 cupidinibus
1029 2510 1231 2607 aliquand0,

264 2634 291 2668 “
310 2646 368 2698 aut
403 2627 587 2715 erroribus,
623 2625 797 2715 imminui,
830 2625 1015 2715 transferri,
1056 2628 1230 2703 definere:

263 2751 290 2786 “
310 2745 409 2818 suum
433 2745 559 2842 cuique
575 2745 776 2844 sanguinem
798 2744 1034 2834 indiscretum,
1059 2745 1115 2818 scd
1134 2774 1233 2821 max-

262 2870 289 2904 “
308 2863 377 2935 ime
404 2863 644 2960 Principibus;
671 2889 821 2960 quorum
840 2861 1005 2959 prosperis
1027 2864 1136 2936 &alii
1161 2863 1231 2939 sru-

262 2987 288 3022 “
307 3002 418 3069 antur,
446 2981 584 3055 adversa
610 2984 653 3055 ad
680 2981 907 3077 junctiffimos
936 2982 1150 3078 pertineant:
1189 3010 1233 3058 ne

262 3108 289 3143 “
309 3100 465 3173 fratribus
483 3101 625 3196 quidem
643 3100 834 3173 mansuram
855 3101 1088 3190 concordiam,
1118 3101 1153 3174 ni
1172 3129 1232 3198 pa·

263 3227 290 3262 “
309 3246 385 3292 rens
401 3221 604 3314 exemplum
623 3219 851 3316 praebuiffet.''
888 3219 1121 3316 Vespasianus,
1140 3223 1233 3295 haud

263 3338 361 3434 aeque
391 3337 596 3410 Domitiano
629 3337 819 3435 mitigatus,
861 3338 966 3434 quiam
998 3338 1070 3409 Titi
1109 3340 1232 3434 pietate

264 3458 430 3553 gaudens,
460 3463 486 3498 “
507 3459 599 3529 bono
627 3459 693 3529 esse
720 3455 863 3528 animo’'
886 3453 1002 3551 jubet,
1027 3459 1235 3555 “belloque

263 3584 289 3618 “
311 3581 344 3649 &
374 3574 476 3647 armis
506 3575 758 3671 rempublicam
799 3576 976 3646 attollere:
1016 3575 1074 3646 fibi
1110 3602 1233 3671 pacem

263 3696 524 3789 “domumque
552 3719 642 3766 curae
671 3693 780 3766 sore.”
827 3695 924 3766 Tum
953 3693 1144 3766 celerrimas
1172 3721 1232 3768 na-

263 3812 376 3900 vium,
399 3810 572 3884 frumento
598 3812 748 3900 onustas,
778 3812 867 3884 saevo
884 3814 998 3885 adhuc
1027 3813 1110 3884 mari
1135 3839 1232 3887 com·

264 3929 378 4003 mittit.
427 3928 571 4028 Qrippe
588 3949 684 4004 tanto
696 3930 887 4006 discrimine
904 3934 998 4012 Urbs
1015 3933 1168 4024 nutabat,
1194 3953 1233 4007 ut
