3000 5144
266 628 334 698 252
479 600 521 671 C.
550 601 1023 674 ConunrrrTncrrr

261 779 343 850 illuc
380 779 605 873 adpulerant:
641 803 704 849 nec
736 777 796 849 diu
831 797 973 863 certam,
1004 777 1236 873 Tungrorum

262 898 384 968 cohors
413 899 506 993 figna
532 897 577 967 ad
609 895 759 968 Civilem
787 894 978 968 transtulit:
1021 897 1236 991 perculsique

262 1013 388 1086 milites
429 1013 612 1109 improvisal
641 1013 847 1109 proditione,
887 1039 908 1084 a
937 1011 1033 1085 sociis
1063 1012 1234 1085 hostibus·

264 1157 334 1227 que
352 1134 582 1205 caedebantur.
634 1132 766 1203 Eadem
792 1131 897 1203 etiam
914 1132 1059 1204 navibus
1078 1130 1235 1228 perfidia.

260 1251 342 1322 Pars
364 1250 533 1346 remigum
559 1249 742 1336 eBatavis,
772 1267 951 1345 tamquam
969 1249 1152 1345 imperitis,
1178 1250 1234 1323 of·

261 1366 341 1440 licia
367 1389 546 1448 nautarum
572 1388 940 1464 propugnatorumque
966 1368 1232 1463 impediebant:

262 1513 348 1559 mox
365 1488 485 1558 contra
501 1487 654 1572 tendere,
682 1491 714 1559 ἃ
742 1510 875 1582 puppes
903 1485 1016 1557 hostili
1038 1486 1120 1581 ripae
1144 1485 1234 1582 obji-

262 1629 362 1676 cere:
383 1606 426 1677 ad
445 1605 658 1698 postremum
676 1606 918 1699 gubernatores
935 1604 1232 1701 centurionesque,

262 1723 322 1794 nisi
356 1724 476 1794 eadem
508 1723 674 1809 volentes,
713 1721 899 1808 trucidant,
935 1723 1046 1794 donec
1075 1722 1235 1796 universa

263 1860 410 1936 quatuor
438 1846 471 1913 δι
511 1839 635 1938 viginti
664 1839 806 1913 navium
838 1841 958 1929 classis,
989 1837 1232 1937 transfugeret,

262 1978 322 2030 aut
340 1978 529 2054 caperetur.

309 2079 424 2150 XVII.
450 2078 589 2149 Casan
608 2102 647 2147 ea
672 2078 813 2150 visloria
829 2077 865 2149 in
882 2076 1040 2173 praesens,
1059 2078 1095 2149 in
1119 2079 1232 2173 poste-

260 2221 339 2267 rum
351 2194 448 2266 usui:
475 2201 687 2290 armaque&
716 2221 833 2283 naves,
859 2196 985 2291 quibus
1012 2196 1231 2292 indigebant,

261 2311 392 2407 adepti,
433 2316 561 2408 magns
587 2336 647 2407 per
669 2314 869 2387 Germanias
900 2313 1096 2411 Galliasque
1123 2314 1230 2405 sams,

261 2429 468 2502 “libertatis
494 2431 667 2501 auctores
699 2434 970 2505 celebrabantur.
1034 2434 1232 2507 Germaniae

259 2548 372 2621 statim
389 2547 511 2619 missere
526 2549 667 2644 legatos,
685 2550 812 2622 auxilia
826 2552 1017 2624 offerentes.
1039 2552 1232 2627 Galliarum

260 2667 468 2755 societatem,
495 2665 614 2739 Civilis
630 2689 701 2739 arte
727 2667 893 2765 donisque
910 2670 1120 2761 adseslabat,
1145 2697 1230 2767 cap-

260 2807 313 2860 tos
341 2785 537 2859 cohortium
567 2785 744 2882 praefeclos
767 2786 840 2860 suas
868 2787 903 2859 in
932 2789 1084 2863 civitates
1111 2789 1230 2862 remit·

261 2908 390 2978 tendo:
432 2905 642 2993 cohortibus,
675 2904 782 2992 abire,
821 2932 864 2977 an
900 2933 1037 2979 manere
1074 2909 1229 2998 mallent,

260 3026 337 3096 data
355 3025 544 3118 potestate:
572 3025 803 3113 manentibus,
822 3028 984 3099 honorata
1002 3027 1148 3112 militia3
1174 3029 1230 3099 di·

259 3142 511 3237 gredientibus,
557 3140 663 3236 spolia
702 3147 944 3216 Romanorum
985 3145 1228 3218 offerebantur.

260 3261 384 3349 Simul,
423 3261 554 3333 secretis
585 3260 812 3350 sermonibus,
857 3265 1065 3335 admonebat
1100 3272 1126 3306 “
1153 3291 1230 3338 rna·

262 3388 289 3422 “
309 3383 436 3467 lorum,
471 3407 548 3476 quae
581 3399 632 3451 tot
662 3380 758 3452 annis
794 3385 949 3477 perpelli,
983 3382 1136 3455 miseram
1165 3382 1231 3455 ser·

262 3502 289 3539 “
309 3497 454 3569 vitutem
475 3499 560 3571 falsb
579 3525 699 3595 pacem
718 3521 891 3571 vocarent.
928 3504 1086 3590 Batavos,
1106 3529 1229 3598 quam-

261 3623 289 3658 “
309 3642 414 3712 quam
437 3617 641 3689 tributorum
669 3638 840 3713 expertes,
873 3645 967 3692 arma
988 3641 1105 3692 contra
1130 3648 1228 3693 com·

262 3742 429 3807 “munes
454 3736 613 3807 dominos
647 3737 796 3832 cepisse:
840 3739 949 3833 primas
986 3740 1071 3825 acie,
1112 3738 1226 3813 fusum

258 3860 285 3895 “
304 3851 503 3948 vidumque
525 3859 748 3927 Romanum:
782 3857 880 3951 qnid,
911 3859 1073 3930 srGalliae
1094 3857 1225 3955 jugum

262 3975 289 4016 ‘⁶
308 3975 464 4047 exuant?
507 3973 738 4068 quantumin
768 3975 865 4049 Italia
900 3978 1102 4076 reliquum?
1144 4003 1224 4078 pro-
