3000 5144
190 648 260 762 C.
384 639 1152 760 CORNELII

357 900 981 1030 TACITI

285 1211 1030 1312 HISTORIAE.

371 1494 582 1568 LIBER
630 1498 962 1594 quintos.

366 1760 950 1801 *¹¹*—

183 1977 403 2140 EJosnsm
433 2041 514 2114 anni
544 2040 729 2139 principio,
763 2043 875 2118 Caesar
897 2042 999 2118 Titus
1029 2047 1152 2142 perdo-

182 2166 319 2239 mandae
336 2163 469 2257 Judaeae
484 2161 639 2235 delectus
659 2187 680 2233 a
697 2184 804 2258 patre,
832 2167 880 2251 δι,
905 2162 1043 2259 privatis
1068 2165 1154 2237 utri·

182 2284 288 2382 usque
311 2284 429 2371 rebus,
452 2279 573 2353 militiai
595 2283 719 2373 claros,
745 2278 877 2377 majore
893 2301 969 2355 tum
985 2282 1021 2354 vi
1047 2283 1155 2357 fama-

180 2429 250 2501 que
266 2404 406 2501 agebat,
432 2400 642 2474 certantibus
659 2400 916 2497 provinciarum
934 2406 967 2474 δι
985 2402 1154 2475 exercitu·

184 2549 243 2596 um
261 2520 404 2595 studiis:
435 2539 540 2617 atque
557 2518 641 2616 ipse,
664 2540 703 2592 ut
726 2519 824 2617 super
848 2519 1018 2593 fortunam
1036 2522 1153 2595 crede-

180 2663 287 2732 retur,
311 2642 479 2713 decorum
497 2637 545 2727 se,
570 2660 844 2736 promptumque
861 2639 895 2711 in
912 2639 1014 2712 armis
1041 2642 1153 2714 osten·

179 2764 301 2850 debat,
325 2759 489 2834 comitate
508 2763 541 2831 δι
557 2757 729 2854 adloquiis
745 2759 858 2830 officia
873 2784 1087 2854 provocans;
1114 2786 1156 2832 ac

179 2883 384 2979 plerumque
408 2880 444 2951 in
477 2903 595 2975 opere,
624 2877 661 2948 in
683 2877 836 2975 agmine,
867 2877 1025 2975 gregario
1053 2878 1155 2951 militi

180 2999 326 3088 mixtus,
351 3000 552 3093 incorrupto
577 2997 674 3070 ducis
701 2999 844 3071 honore.
893 2999 981 3069 Tres
1009 3022 1092 3069 eum
1118 2996 1153 3069 in

178 3122 302 3214 Judaeal
330 3116 498 3216 legiones,
526 3115 659 3212 quinta,
686 3121 719 3189 δι
741 3116 892 3207 decima,
914 3122 948 3190 δι
972 3117 1153 3214 quintade-

180 3240 286 3325 cima,
302 3259 401 3310 vetus
424 3233 617 3332 Vespasiani
635 3235 747 3326 miles,
772 3240 951 3335 excepere.
1001 3237 1154 3312 Addidit

179 3357 306 3455 eSyrid
324 3354 582 3444 duodecimam,
601 3360 634 3428 δι
651 3357 819 3430 αάἀυᾶοε
835 3357 1048 3432 Alexandria
1063 3361 1152 3432 doo-

179 3477 439 3550 etvicefimanos
455 3472 695 3571 tertianosque.
744 3476 1007 3551 Comitabantnr
1029 3476 1152 3575 viginti

177 3597 276 3670 sociae
298 3597 473 3682 cohortes,
492 3595 570 3666 otto
593 3593 749 3691 equitum
766 3597 851 3668 alae:
879 3598 974 3668 simul
995 3598 1154 3693 Agrippa

178 3715 414 3811 Sohemusque
431 3737 543 3809 reges,
571 3717 604 3784 δι
627 3712 754 3785 auxilia
776 3713 866 3811 regis
882 3714 1063 3801 Antiochi,
1092 3740 1151 3787 va·
1291 3814 1294 3820 ⁴

179 3835 329 3935 lidaque,
360 3838 409 3923 δι,
437 3831 535 3904 solito
551 3830 638 3904 inter
654 3833 787 3908 accolas
810 3833 908 3926 odio,
934 3831 1063 3906 infensa
1087 3836 1150 3928 Ju-
