3000 5144
289 544 357 632 184
499 538 541 612 C.
570 541 1039 617 ConustrtTtetrt

284 722 312 758 “
331 713 452 790 frustra
467 717 568 789 minis
591 723 624 791 ὅ(
641 718 752 791 verbis
776 738 980 815 provocatos
992 713 1206 806 Vitellianos,
1225 719 1248 791 ti

285 842 451 907 “manus
473 860 592 908 eorum
619 836 807 932 oculosque
830 862 900 908 non
923 836 1107 908 tolerent.''
1157 836 1249 907 Haec

282 973 321 1025 ut
339 952 491 1049 quosque
506 958 682 1027 accesserat
698 983 706 1026 :
735 957 833 1050 plura
849 957 892 1027 ad
906 953 1080 1041 tertianus,
1092 971 1248 1029 veterum

279 1071 539 1167 recentiumque
566 1074 776 1144 admonens:
809 1093 846 1145 ut
876 1079 901 1113 “
920 1071 981 1144 sub
1008 1073 1065 1143 M.
1089 1070 1247 1144 Antonio

282 1197 309 1231 “
328 1190 483 1277 Parthos,
512 1188 575 1262 sub
600 1192 800 1262 Corbulone
823 1189 1020 1279 Armenios,
1047 1214 1156 1285 nuper
1171 1191 1245 1261 Sar·

280 1313 309 1349 “
328 1309 456 1379 matas''
473 1308 686 1404 pepulissent.
735 1311 827 1381 Mox
846 1306 991 1380 infensus
1008 1307 1243 1404 praetorianis:

280 1432 308 1468 “
325 1428 421 1498 Vos'’
449 1425 574 1522 inquit,
595 1433 622 1468 “
640 1425 698 1499 nist
715 1425 862 1514 vincitis,
891 1425 1030 1523 pagani,
1057 1424 1136 1521 quis
1160 1425 1245 1499 alius

280 1552 307 1586 “
325 1544 531 1640 Imperator,
545 1571 622 1642 quae
640 1544 746 1617 castra
763 1544 829 1616 alia
845 1543 1045 1639 excipient?
1065 1542 1140 1617 lllic
1152 1548 1246 1641 signa

172 1739 178 1751 ,
277 1668 305 1703 “
323 1688 486 1759 armaque
503 1662 614 1734 vestra
625 1661 714 1750 sunt,
738 1667 771 1735 &
797 1687 888 1733 mors
900 1661 1020 1735 vietis:
1040 1687 1121 1735 nam
1142 1662 1245 1760 igno·

278 1786 305 1822 “
326 1780 467 1851 miniam
480 1779 764 1877 consumplstis.”
796 1780 963 1877 Undique
975 1781 1119 1870 clamor,
1133 1781 1244 1854 &oti-

274 1918 388 1970 entem
403 1899 506 1972 solem
517 1900 581 1994 (ita
591 1900 626 1971 in
636 1899 729 1995 Syris
743 1925 818 1971 mos
831 1898 895 1991 est)
904 1898 1037 1971 tertiani
1047 1897 1242 1974 salutavere.

322 2020 439 2091 XXV.
465 2022 598 2091 Vnous
625 2019 721 2106 inde,
746 2043 790 2089 an
808 2004 947 2090 consilio
967 2017 1065 2089 ducis
1090 2017 1243 2091 subditus

275 2161 404 2224 rumor,
433 2144 459 2178 “
477 2137 649 2209 advenisse
660 2136 893 2221 Mucianum3
912 2134 1081 2208 exercitus
1092 2135 1244 2210 invicem

275 2259 303 2293 “
322 2253 472 2324 salutasse
488 2257 523 2325 :''
560 2255 707 2350 gradum
734 2253 898 2342 inserunt,
930 2257 1022 2349 quast
1049 2254 1242 2328 recentibus

272 2371 408 2444 auxiliis
434 2371 536 2460 audi,
563 2371 685 2443 rariore
706 2370 781 2467 jam
806 2370 1067 2445 Vitellianorum
1091 2372 1176 2462 acie,
1202 2393 1241 2445 ut

273 2514 373 2586 quos,
410 2490 507 2561 nullo
531 2490 673 2580 restore,
703 2489 780 2562 suus
807 2514 981 2587 quemque
1009 2489 1157 2586 impetus
1181 2493 1238 2565 vel

271 2632 380 2703 pavor
410 2610 635 2697 contraheret,
665 2607 894 2680 diduceretve.
943 2607 1130 2704 Postquam
1159 2634 1236 2706 per·

269 2723 378 2798 culsos
395 2725 490 2798 sensit
512 2725 699 2815 Antonius,
724 2723 829 2798 denso
845 2724 986 2823 agmine
1002 2727 1234 2801 obturbabat:

267 2845 369 2917 laxati
397 2845 531 2918 ordines
547 2847 824 2939 abrumpuntur:
850 2869 913 2916 nec
936 2844 1061 2916 restitui
1079 2844 1233 2940 quivere,

268 2963 537 3060 impedientibus
564 2962 728 3034 vehiculis
749 2962 1003 3058 tormentisque.
1053 2965 1119 3036 Pet
1143 2965 1233 3038 limi-

267 3104 338 3156 tem
357 3084 419 3155 viae
436 3081 653 3178 sparguntur,
678 3081 893 3154 consectandi
910 3080 1135 3173 festinatione,
1160 3085 1232 3158 vic·

265 3221 364 3274 tores.
417 3202 471 3273 Εὸ
501 3200 682 3272 notabilior
700 3200 809 3272 caedes
837 3197 914 3288 suit,
948 3200 1028 3296 quia
1057 3201 1146 3275 filius
1170 3229 1232 3298 pa-

265 3339 352 3392 trem
379 3317 558 3392 interfecit.
609 3322 702 3390 Rem
732 3316 956 3413 nominaque,
984 3319 1120 3391 sudore
1145 3321 1231 3418 Vip-

262 3439 370 3511 stanio
403 3440 560 3527 Messala,
596 3440 740 3510 tradam.
796 3436 909 3531 julius
941 3435 1154 3527 Mansuetus,
1186 3465 1230 3513 ex

262 3557 443 3654 Hispanias,
469 3557 600 3652 Rapaci
613 3556 740 3653 legioni
753 3555 900 3643 additus,
920 3555 1098 3649 impubem
1116 3557 1228 3632 filium

261 3677 357 3748 domi
375 3677 546 3771 liquerat:
583 3676 611 3746 is
633 3701 717 3746 mox
734 3675 883 3762 adultuS,
909 3674 996 3746 inter
1022 3674 1228 3770 septimanos

247 3818 281 3862 a
298 3796 409 3866 Galba
423 3793 644 3888 conscriptus,
658 3795 813 3864 oblatum
833 3791 919 3864 forte
933 3814 1076 3888 patrem,
1097 3797 1130 3864 bc
1150 3799 1226 3868 vul-

259 3934 339 3982 nere
357 3912 511 4001 stratum‚
529 3914 614 3985 dum
628 3910 860 3986 semianimem
878 3911 1054 4004 scrutatur,
1073 3915 1223 4011 agnitus,
