3000 5144
373 534 775 610 Hrsrortrnnuru
801 539 912 611 L1a.
937 543 966 613 1.
1111 565 1155 641 57

193 709 288 783 mine
312 727 493 807 peteretur,
523 710 609 782 miffi
634 711 693 808 qui
720 713 882 784 dederent
910 711 1096 804 civitatem,
1124 720 1160 789 de

193 828 326 902 deditio
342 847 495 923 accepta.
546 831 587 900 ln
603 829 736 922 Julium
761 832 931 927 Alpinum
953 858 972 904 e
996 833 1158 929 principi-

192 950 273 1036 bus,
302 967 341 1019 ut
365 947 579 1020 concitorem
611 948 706 1037 belli,
740 950 876 1022 Caecina
894 951 1155 1025 animadvertit:

192 1087 323 1139 ceteros
334 1066 460 1154 veniae,
471 1069 527 1138 vel
540 1067 673 1140 saevitiae
686 1068 812 1140 Vitellii
830 1069 977 1165 reliquit.

239 1186 378 1258 LXIX.
404 1188 529 1258 Haut)
548 1182 647 1257 facile
663 1186 757 1258 diclu
775 1186 836 1274 est,
855 1187 957 1283 legati
974 1188 1157 1260 Helvetio-

189 1330 269 1377 rum
293 1304 406 1376 minus
432 1303 635 1399 placabilem
656 1305 916 1399 Imperatorem,
940 1330 983 1378 an
1011 1306 1158 1380 militem

191 1421 402 1494 invenerint:
443 1429 469 1463 ‘⁴
496 1421 641 1494 civitatis
669 1421 867 1494 excidium’'
896 1422 1062 1517 poscunt;
1089 1427 1158 1498 tela

190 1568 231 1614 ac
249 1566 369 1612 manm
386 1539 421 1611 in
444 1565 504 1612 ora
526 1542 719 1637 legatorum
743 1540 924 1612 intentant.
972 1543 1030 1614 Ne
1049 1542 1156 1614 Vitel-

188 1661 256 1732 lius
268 1658 410 1756 quidem
427 1657 529 1730 minis
540 1684 579 1730 ac
592 1658 703 1730 verbis
714 1663 941 1755 temperabat:
957 1661 1038 1732 clun
1051 1662 1155 1734 Clau-

188 1780 267 1851 dius
284 1779 418 1865 corsus,
446 1803 534 1849 unus
551 1802 594 1848 ex
619 1777 752 1873 legatis,
779 1798 868 1850 notae
885 1777 1069 1868 facundiae,
1097 1780 1156 1854 sed

188 1897 326 1970 dicendi
352 1917 457 1967 artem
485 1898 564 1992 apta
585 1895 812 1991 trepidatione
833 1897 1024 1986 occultans,
1051 1918 1156 1994 atque

188 2016 231 2089 ed
249 2015 409 2103 validior,
428 2014 543 2086 militis
560 2014 716 2086 animum
732 2013 922 2110 mitigavit:
953 2037 991 2088 ut
1008 2017 1055 2089 est
1079 2043 1154 2091 mos

186 2137 322 2232 vulgo;
342 2134 506 2206 mutabile
523 2132 653 2219 subitis,
685 2136 717 2203 ἃ
735 2149 807 2203 tam
826 2159 974 2229 pronum
999 2134 1035 2206 in
1051 2135 1151 2208 mise-

186 2252 381 2340 ricordiam,
404 2253 511 2348 quam
538 2251 768 2323 immodicum
795 2248 920 2324 saevitia
945 2250 1073 2326 fuerat:
1104 2256 1153 2329 ef-

185 2371 265 2444 fusis
289 2371 447 2458 lacrimis,
474 2374 507 2442 &
537 2369 680 2442 meliora
702 2368 909 2444 constantius
939 2373 1152 2469 postulando,

184 2490 427 2588 impunitatem
444 2487 654 2584 salutemque
672 2487 802 2560 civitati
819 2489 1052 2587 impetravere.

233 2612 353 2682 LXX.
379 2609 546 2681 Cacum
576 2632 702 2701 paucos
734 2607 768 2678 in
802 2608 975 2680 Helvetiis
1002 2630 1154 2687 moratus

185 2729 270 2817 dies,
299 2729 385 2800 dum
414 2725 585 2799 sententiae
611 2725 740 2799 Vitellii
764 2725 888 2798 certior
920 2730 1152 2817 fieret,s1mul

184 2849 362 2920 tranfitum
393 2845 540 2941 Alpium
568 2870 704 2940 parans,
723 2847 841 2916 laetum
866 2871 911 2918 ex
944 2847 1037 2918 ltalia
1067 2874 1154 2919 nun-

183 2966 270 3038 tium
288 2964 427 3060 accipit,
454 2972 480 3006 “
496 2966 586 3035 alam
601 2965 773 3056 Syllanam
791 2963 880 3036 circa
896 2966 1028 3037 Padum
1046 2991 1151 3062 agen-

185 3091 213 3126 “
230 3105 314 3171 tem,
341 3083 548 3154 sacramento
573 3081 702 3153 Vitellii
734 3083 936 3153 acceffille.'’
998 3086 1149 3155 Procon-

181 3200 289 3275 sulem
306 3201 483 3273 Vitellium
502 3199 628 3293 Syllani
646 3200 681 3270 in
699 3197 815 3271 Africa
832 3202 1041 3273 habuerant:
1066 3228 1151 3275 mox

182 3346 203 3392 a
218 3322 371 3407 Nerone,
389 3319 480 3391 utin
496 3320 694 3415 AEgyptum
712 3317 1011 3412 praemitterentur,
1030 3320 1148 3409 exciti,

182 3443 217 3510 δε
241 3440 288 3510 ob
310 3441 442 3511 bellum
459 3437 611 3509 Vindicis
635 3435 798 3524 revocati,
827 3461 866 3508 ac
889 3457 964 3508 tum
992 3438 1027 3508 in
1053 3439 1150 3511 ltalia

180 3578 369 3645 manentes,
395 3556 554 3628 instinctu
582 3554 822 3641 decurionum,
849 3553 908 3649 qui
925 3555 1073 3626 Othonis
1096 3556 1148 3654 ig-

180 3676 266 3764 nari,
292 3675 430 3747 Vitellio
446 3675 610 3762 obstricti,
637 3677 739 3746 robur
755 3671 1014 3745 adventantium
1043 3675 1149 3772 legio-

180 3819 267 3865 num
296 3798 329 3867 &
355 3791 484 3866 famam
515 3791 713 3866 Germanici
743 3791 910 3864 exercitlls
934 3794 1147 3887 attollebant,

177 3912 335 3989 transsate
366 3911 401 3984 in
429 3933 556 4018 partes:
593 3916 625 3994 ὃς
655 3932 693 3983 ut
723 3911 857 3984 donum
883 3910 1026 4017 aliquod
1056 3941 1148 3992 novo
