3000 5144
267 512 339 587 ³34
470 484 817 559 C.Connna11
850 482 1060 557 Tacrrt

263 657 454 731 exercitum
486 658 622 731 decima
650 682 695 730 ex
728 655 898 753 Hispania
929 652 1025 751 legio
1058 648 1252 749 supplevit.

263 774 369 848 Civili
386 777 609 849 Chaucorum
633 775 762 849 auxilia
786 776 930 848 vendre:
960 798 1032 846 non
1048 792 1173 845 tamen
1188 796 1248 845 au·

263 894 318 969 sus
329 896 461 992 oppida
472 898 681 967 Batavorum
699 892 802 969 armis
818 892 918 983 tueri,
936 882 1055 989 raptis,
1070 917 1153 989 quae
1171 888 1253 964 serti

264 1034 437 1111 poterant,
464 1014 580 1087 ceteris
598 1012 722 1111 injesto
737 1014 825 1112 igni,
843 1013 880 1085 in
897 1009 1044 1085 insulam
1059 1008 1250 1095 concesfit3

264 1160 389 1231 gnarus
410 1134 522 1205 deesse
539 1157 644 1205 naves
668 1132 850 1207 efficiendo
868 1130 983 1229 ponti,
1006 1155 1123 1227 neque
1147 1153 1248 1201 exer·

264 1254 373 1327 citum
390 1256 595 1327 Romanum
609 1250 705 1323 aliter
721 1248 1015 1324 transmissurum:
1039 1247 1126 1346 quin
1144 1251 1182 1321 ἃ
1194 1247 1249 1321 di·

263 1372 333 1445 ruit
345 1373 490 1461 molem,
509 1396 530 1442 a
547 1369 660 1443 Druso
670 1369 883 1443 Germanico
899 1367 1041 1459 saetam,
1057 1370 1249 1442 Rhenum·

264 1515 333 1587 que
351 1516 460 1587 prono
476 1491 576 1565 alveo
587 1490 623 1561 in
639 1489 790 1561 Galliam
807 1508 977 1576 ruentem,
1000 1485 1152 1584 disjesiis
1166 1512 1247 1585 quae

263 1612 498 1698 morabantur,
524 1608 657 1681 effudit.
707 1606 762 1680 Sic
781 1608 877 1680 velut
894 1608 1017 1679 abaslo
1045 1631 1165 1695 amne,
1195 1626 1246 1679 te·

263 1730 340 1803 nuis
361 1731 490 1819 alveus,
508 1725 652 1799 insulam
670 1725 758 1799 inter
775 1724 1037 1822 Germanosque
1060 1724 1247 1799 continen-

261 1848 351 1921 tium
375 1868 541 1921 terrarum
569 1843 716 1942 speciem
744 1843 882 1918 fecerat.
932 1845 1117 1917 Transrere
1143 1844 1246 1919 Rhe·

261 1992 348 2040 num
363 1969 477 2040 Tutor
499 1990 656 2063 quoque,
683 1967 717 2036 &
743 1964 919 2053 Classicus,
946 1967 980 2036 δι
1008 1982 1150 2036 centurn
1176 1983 1246 2037 tte·

259 2085 375 2159 decim
390 2087 622 2158 Treverorum
638 2081 817 2172 senatores,
848 2082 885 2154 in
902 2082 1031 2179 quibus
1047 2080 1113 2154 suit
1137 2082 1245 2179 Alpi·

260 2228 325 2275 nus
351 2205 557 2291 Montanus,
586 2227 694 2298 quem
718 2228 739 2275 a
759 2201 880 2275 Primo
908 2202 1071 2274 Antonio
1101 2200 1245 2275 missum

259 2318 298 2391 in
325 2319 456 2392 Gallias
477 2318 631 2415 superius
665 2320 949 2395 memoravimus.
998 2320 1247 2394 Comitabatur

153 2490 157 2499 -
259 2462 344 2511 eum
368 2436 473 2510 frater
494 2438 541 2510 D.
561 2437 724 2533 Alpinus.
773 2440 883 2512 Simul
908 2439 1012 2512 ceteri
1028 2438 1245 2515 miseratione

258 2584 298 2631 ac
322 2556 423 2630 donis
441 2555 571 2630 auxilia
595 2558 796 2649 concibant,
824 2557 912 2631 inter
928 2580 1049 2656 gentes
1066 2558 1243 2655 periculo·
1325 2596 1328 2601 ·

257 2703 337 2753 rum
353 2674 484 2749 avidas.

306 2799 392 2872 XX.
416 2797 681 2882 Taurumque
709 2796 792 2869 belli
814 2794 991 2892 superfuit,
1022 2816 1061 2869 ut
1085 2796 1243 2891 praesrdia

258 2917 468 3005 cohortium,
487 2919 633 3003 alarum,
653 2916 845 3013 legionum,
860 2920 928 2988 und
946 2916 1004 2988 die
1015 2916 1135 2989 Civilis
1153 2942 1241 3012 qua·

258 3035 441 3132 dripartitd
458 3035 636 3107 invaserit:
657 3034 831 3107 decimam
849 3035 1039 3132 legionem,
1059 3035 1239 3121 Arenaci3

257 3154 456 3245 secundam,
472 3153 702 3238 Batavoduri3
724 3155 919 3227 &Grinnes
937 3155 1157 3251 Vadumque,
1176 3180 1238 3227 co-

258 3260 412 3346 hortium
441 3276 646 3369 alarumque
674 3273 804 3345 castra:
835 3273 881 3345 ita
912 3272 1027 3347 divifis
1051 3272 1173 3368 copiis,
1197 3294 1239 3347 ut

258 3393 327 3489 ipse
345 3398 377 3465 ἃ
396 3396 526 3481 Verax,
543 3392 654 3464 sorore
672 3390 741 3488 ejus
759 3390 909 3487 genitm,
928 3392 1169 3488 Classicusque,
1196 3417 1240 3465 ac

257 3515 370 3584 Tutor
386 3510 480 3583 suam
498 3509 639 3606 quisque
657 3536 800 3581 manum
813 3511 1008 3583 traherent:
1037 3536 1100 3583 nec
1114 3512 1237 3583 omnia

258 3630 415 3727 patrandi
433 3629 572 3715 fiducia,
591 3628 663 3718 sed,
692 3635 719 3669 “
734 3630 844 3700 multa
855 3632 939 3701 aufis
951 3629 1065 3726 aliqua
1082 3630 1118 3700 in
1136 3650 1236 3725 parte

258 3758 284 3791 “
304 3748 477 3820 fortunam
500 3745 629 3819 adfore.
678 3746 787 3819 Simul
809 3747 995 3835 Cerialem,
1024 3774 1138 3845 neque
1155 3748 1235 3822 satis

258 3875 285 3909 “
304 3886 459 3955 cautum,
487 3872 534 3954 dc,
560 3866 718 3961 pluribus
737 3866 881 3957 nuntiis,
906 3869 975 3941 huc
992 3867 1075 3942 illuc
1093 3866 1232 3941 cursan-
