2978 5144
182 563 247 635 168
384 563 963 641 C.Connnn11TAc1r1

182 753 276 806 tante
293 734 471 832 legionum
489 754 600 824 motu,
616 733 797 833 profugus,
813 734 893 808 dein
911 733 1032 832 sponte
1046 756 1146 807 reme·

180 874 309 944 averat,
335 855 487 950 persidiae
503 855 618 927 locum
635 857 786 950 quaesrsse
798 854 1009 927 credebatur.
1059 853 1150 926 Nam

181 971 400 1061 Flavianum,
430 972 551 1045 omissd
571 972 763 1060 Pannonias,
790 972 981 1069 ingressum
1002 970 1147 1060 Italiam,

180 1093 215 1161 δι
243 1088 426 1163 discrimini
444 1110 662 1186 exemptum,
688 1115 801 1163 rerum
824 1116 996 1163 novarum
1024 1090 1150 1187 cupido

181 1208 286 1306 legati
303 1233 429 1282 nomen
451 1207 632 1297 resumere,
655 1213 689 1281 δι
714 1207 847 1282 misceri
863 1209 1024 1283 civilibus
1049 1207 1150 1282 armis

178 1327 376 1424 impulerat,
395 1326 557 1400 suadente
572 1328 735 1400 Cornelio
752 1325 861 1400 Fusco
875 1356 885 1412 3
912 1352 985 1399 non
999 1327 1082 1424 quia
1097 1327 1149 1399 in·

169 1446 305 1519 'dustrid
322 1446 476 1518 Flaviani
500 1449 636 1542 egebat,
661 1445 719 1518 sed
740 1464 778 1517 ut
807 1446 983 1518 consulare
1006 1471 1148 1537 nomen,

175 1563 395 1662 surgentibus
414 1565 496 1636 curn
513 1563 665 1636 maxime
683 1563 850 1660 partibus,
876 1564 1017 1637 honestd
1041 1563 1150 1668 specie

177 1683 453 1780 praetenderctur.

224 1803 270 1873 V.
295 1801 502 1890 Crrsnuu,
534 1821 574 1872 ut
604 1800 829 1874 transmittere
854 1801 890 1873 in
920 1801 1058 1875 Italiam
1084 1803 1149 1877 im-

175 1946 268 2018 pune
303 1926 337 1993 δε
371 1918 444 1992 usui
473 1919 574 2009 soret,
599 1918 762 2016 scriptum
782 1920 924 2017 Aponio
951 1922 1149 2011 Saturnino,

176 2047 203 2085 “
222 2067 304 2114 cum
332 2040 486 2114 exercitu
519 2042 670 2113 Moesico
705 2040 900 2111 celeraret.''
950 2044 1005 2112 Ac
1029 2067 1075 2114 ne
1096 2042 1149 2114 in·

172 2185 283 2232 ermes
326 2158 526 2255 provincia,
575 2157 724 2232 barbaris
763 2157 959 2232 nationibus
993 2185 1149 2257 expone-

172 2297 301 2364 rentur,
339 2276 510 2371 principes
547 2279 775 2350 Sarmatarum
808 2281 1001 2375 Jazygum,
1043 2304 1149 2376 penes

172 2419 261 2490 quos
287 2393 433 2464 civitatis
461 2393 630 2490 regimen,
660 2395 695 2467 in
725 2396 969 2469 commilitium
999 2397 1148 2486 adsciti3

172 2520 201 2555 “
220 2512 383 2607 plebem''
413 2537 565 2609 quoque,
586 2520 615 2555 “
634 2520 667 2587 ὅτ
686 2515 758 2586 vim
775 2515 971 2612 equitum,'’
995 2520 1065 2613 qud
1079 2517 1148 2593 sold

170 2632 302 2719 valent,
333 2629 546 2702 offerebant:
574 2633 748 2705 remissum
766 2634 801 2705 id
820 2659 959 2723 munus,
986 2662 1030 2710 ne
1056 2638 1147 2711 inter

169 2749 356 2823 discordias
382 2769 521 2822 externa
542 2749 756 2840 molirentur,
780 2772 839 2825 aut
863 2751 991 2849 majore
1018 2781 1064 2829 ex
1092 2757 1145 2831 di·

168 2868 266 2940 verso
295 2869 466 2957 mercede,
484 2865 543 2963 jus
571 2867 686 2965 sasque
714 2889 891 2941 exuerent.
941 2872 1146 2948 Trahuntur

165 2990 203 3061 in
225 3009 335 3084 partes
372 2987 454 3059 Sido
481 3007 585 3083 atque
618 2986 769 3078 Italicus,
812 3014 908 3086 reges
935 2991 1143 3084 Suevorum,

167 3109 246 3204 quis
280 3126 375 3179 vetus
404 3104 608 3202 obsequium
642 3131 723 3204 erga
754 3112 957 3195 Romanos;
997 3116 1032 3185 δε
1059 3137 1145 3209 gens

167 3226 250 3298 fidei
268 3224 455 3298 commissae
474 3224 680 3321 patientior:
710 3230 817 3322 posita
834 3227 869 3297 in
895 3230 981 3301 latus
997 3230 1142 3320 auxilia,

166 3344 285 3417 infesti
312 3345 437 3431 Raetid,
469 3343 524 3416 cui
543 3345 684 3417 Porcius
711 3345 923 3441 Septiminus
944 3369 1144 3444 procurator
1165 3403 1167 3407 -

168 3483 252 3551 erat,
279 3462 483 3558 incorrupta
500 3487 581 3560 erga
598 3462 779 3535 Vitellium
797 3465 888 3538 fidei.
929 3465 1040 3563 Igitur
1056 3470 1142 3541 Sex-

166 3581 258 3653 tilius
276 3580 376 3654 Felix
394 3607 477 3654 cum
504 3583 557 3654 als
575 3581 730 3654 Auriand
755 3587 787 3655 δι
814 3585 894 3655 ouo
921 3585 1140 3677 cohortibus,

164 3726 203 3773 ac
231 3699 444 3772 Noricorum
461 3697 657 3794 juventute,
687 3702 732 3773 ad
758 3702 998 3798 occupandam
1027 3704 1141 3801 ripam

163 3815 251 3892 AEni
267 3814 434 3906 fluminis,
461 3817 558 3915 quod
584 3821 704 3892 Raetos
725 3819 941 3917 Noricosque
958 3821 1138 3919 interfluit,
