2978 5144
263 561 310 611 20
430 532 1036 608 GConunsuTncrrr
1093 538 1096 543 '

262 728 333 775 non
352 702 487 774 maestus
514 707 547 775 ὃ(
565 721 677 791 atrox,
706 701 764 774 sed
782 699 894 773 hilaris
916 704 950 773 δι
968 719 1188 775 coronatus:
1216 707 1252 777 ἀ

261 848 326 918 pro
354 821 520 895 memoris
549 822 633 912 mei,
668 846 731 894 nec
758 819 913 894 consulat
938 818 1145 917 quisquam,
1183 848 1250 896 nec

262 960 373 1038 roget.

312 1061 410 1133 XIV.
439 1063 518 1133 V1x
547 1062 633 1133 dum
661 1058 794 1132 finierat
820 1060 1016 1147 Maternus,
1047 1059 1248 1133 concitatus

264 1183 298 1251 &
326 1181 420 1252 velut
448 1179 637 1266 instinstus,
662 1178 744 1250 ciam
772 1177 946 1275 Vipstanius
971 1175 1113 1267 Mcffala
1143 1178 1245 1252 cubi-

262 1299 383 1370 culum
399 1296 469 1394 ejus
485 1298 650 1394 ingressus
666 1296 729 1384 est,
754 1293 1004 1391 suspicatusque
1019 1319 1066 1366 ex
1082 1295 1162 1391 ipsfi
1189 1296 1243 1370 in·

259 1416 414 1489 tentione
441 1418 665 1512 singulorum,
695 1412 850 1487 altiorem
875 1413 961 1486 inter
989 1437 1048 1485 eos
1075 1416 1146 1486 effe
1176 1416 1241 1489 ser·

260 1562 429 1610 monem:
456 1538 556 1608 Num
575 1559 698 1630 parum
716 1531 949 1629 tempestivus,
976 1530 1107 1628 inquit,
1133 1532 1242 1607 inter·

261 1657 357 1744 veni,
383 1655 549 1727 secretum
574 1652 755 1726 confilium
783 1657 816 1723 &
834 1650 939 1725 causae
966 1649 1107 1747 alicujus
1124 1653 1240 1725 medi·

262 1773 431 1847 tationem
459 1772 706 1844 uastantibus?
736 1769 903 1859 Minime,
933 1769 1091 1859 minime,
1120 1770 1240 1870 inquit

263 1896 441 1977 Secundum
468 1913 571 1989 atque
596 1888 683 1963 adeo
706 1890 832 1961 vellem
849 1887 1013 1961 maturius
1036 1888 1239 1963 intervenis·

264 2012 340 2085 ses:
366 2012 561 2084 deledasset
579 2009 671 2082 enim
694 2028 729 2081 te
746 2012 779 2080 ὃ(
798 2008 886 2104 Apri
904 2007 1009 2080 nostri
1032 2008 1238 2082 accuratiffi-

260 2155 339 2203 mus
363 2128 487 2217 sermo,
518 2130 599 2200 ciun
622 2130 838 2216 Maternum,
865 2147 904 2199 ut
924 2150 1030 2199 omne
1052 2126 1239 2224 ingenium

259 2272 301 2319 ac
319 2244 471 2317 studium
500 2246 598 2316 suum
615 2246 660 2317 ad
688 2245 800 2318 causas
823 2247 976 2344 agendas
1005 2267 1238 2336 converteret,

260 2365 456 2436 exhortatus
482 2363 543 2450 est,
583 2367 616 2434 δι
646 2362 803 2435 Materni
831 2389 895 2461 pto
927 2363 1137 2436 carminibus
1169 2363 1240 2439 suis

260 2483 351 2569 laeta,
380 2500 488 2577 utque
507 2485 627 2577 postas
643 2480 783 2554 defendi
799 2483 957 2571 decebat,
981 2482 1176 2574 audentior,
1201 2490 1238 2558 a:

260 2604 441 2697 poetarum
479 2599 587 2694 quiam
619 2620 794 2672 oratorum
827 2600 966 2672 similior
998 2600 1120 2674 oratio.
1171 2604 1239 2675 Me

262 2719 360 2806 veto,
387 2717 515 2813 inquit,
542 2723 574 2790 δι
594 2717 703 2790 sermo
722 2717 791 2813 ipse
812 2717 948 2791 infinitas
964 2721 1144 2815 voluptate
1170 2725 1235 2796 ad·

256 2840 398 2927 fecisset,
429 2860 532 2932 atque
560 2837 595 2908 id
624 2837 734 2933 ipsum
760 2838 920 2925 detestat,
950 2835 1046 2933 quod
1075 2865 1138 2912 vos
1168 2842 1236 2915 viri

257 2956 432 3052 optimi&
452 2977 648 3050 temporum
672 2956 866 3027 nostrorum
891 2977 1051 3046 oratores,
1082 2983 1153 3031 non
1178 2959 1233 3032 so-

257 3078 407 3147 rensrbus
434 3075 569 3145 tantum
598 3074 757 3170 negotiis,
787 3079 820 3147 &
846 3076 1095 3148 declamatorio
1119 3077 1235 3153 studio

257 3193 397 3289 ingenia
414 3191 523 3263 vestra
545 3192 725 3280 exercetis,
754 3190 810 3265 sed
839 3190 1005 3288 ejusmodi
1033 3195 1136 3267 etiam
1163 3197 1232 3269 dis·

259 3310 453 3408 putationes
470 3307 670 3405 adjungitis,
696 3337 774 3406 quae
794 3315 827 3383 ὃ(
856 3312 1035 3408 ingenium
1053 3317 1164 3404 alunt,
1196 3321 1232 3391 ὅτ

256 3428 457 3501 eruditionis
471 3433 502 3498 δι
516 3428 688 3499 literarum
695 3426 981 3523 jucundissimum
993 3433 1229 3507 oblectamen·

256 3569 346 3635 tum,
373 3547 456 3617 cum
472 3544 571 3616 vobis
589 3546 649 3641 qui
675 3545 733 3619 illa
752 3547 942 3645 disputatis,
965 3549 1127 3640 afferunt,
1151 3574 1230 3627 tum

253 3665 356 3737 etiam
382 3664 447 3752 his,
476 3665 520 3735 ad
538 3689 686 3760 quorum
711 3691 806 3739 aures
827 3669 1057 3763 pervenerint.
1106 3672 1231 3768 Itaque

254 3783 391 3854 hercule
408 3807 478 3853 non
495 3781 609 3859 minias
634 3784 769 3879 probari
795 3786 898 3860 video
925 3787 960 3859 in
978 3807 1025 3878 te,
1054 3790 1228 3881 Secunde,

255 3900 350 3996 qudd
368 3900 454 3994 Julii
471 3901 611 3977 Asiatici
629 3900 738 3978 vitam
759 3910 1018 4006 componendo,
1048 3904 1144 4005 spem
1160 3910 1226 3984 ho·
