3000 5144
424 560 814 636 Hrsronrrnun
850 560 957 637 Lrs.
999 558 1045 637 ΙΙ.
1152 574 1216 662 1l3

248 738 475 835 conditiones,
504 770 545 818 ac
569 747 712 818 reddere
738 748 892 840 parabat,
918 747 999 818 cum
1029 743 1219 842 praecipites

247 863 481 958 exploratores
506 865 616 936 adeffe
634 864 764 936 hostem
782 864 993 937 nuntiavere.
1042 867 1217 959 Interrup-

246 999 301 1052 tus
319 981 538 1053 tribunorum
564 979 701 1054 sermo:
729 983 841 1078 eoque
868 983 1037 1054 incertum
1059 979 1136 1070 fuit,
1161 981 1215 1054 in·

244 1098 354 1187 srdias,
367 1121 410 1173 an
429 1100 673 1195 proditionem,
691 1101 746 1171 vel
764 1101 907 1196 aliquod
931 1099 1112 1172 honestum
1129 1108 1215 1172 c'on·

247 1216 357 1289 silium
375 1218 613 1314 coeptaverint.
653 1218 803 1306 Caecina,
817 1217 957 1289 dimiffis
973 1217 1135 1308 tribuniS,
1162 1238 1215 1290 re·

243 1337 360 1408 veuus
376 1335 410 1408 in
428 1337 546 1425 castra,
561 1336 694 1425 datum,
709 1333 801 1432 jullu
820 1335 917 1408 Fabii
936 1335 1103 1423 Valentis,
1126 1360 1215 1432 pug-

246 1478 298 1525 uae
326 1456 474 1550 signum,
500 1459 533 1526 ὅ(
564 1454 710 1526 militem
736 1453 772 1525 in
800 1452 905 1526 armis
930 1452 1071 1525 invenit.
1119 1454 1217 1526 Dum

245 1569 398 1668 legiones
411 1573 455 1644 de
472 1572 593 1645 ordine
609 1573 755 1670 agminis
772 1570 970 1661 sortiuntur,
989 1569 1120 1669 equites
1139 1596 1217 1667 pro·

236 1691 391 1786 rupdre:
420 1696 468 1779 dr,
498 1690 626 1763 mirum
643 1690 753 1780 dibu,
779 1717 799 1764 a
829 1690 1050 1786 paucioribus
1065 1688 1218 1762 Othoni·

246 1808 332 1899 anis,
351 1808 540 1905 quominus
561 1808 597 1882 in
614 1811 747 1882 vallum
765 1809 1056 1906 impinguentur,
1080 1807 1216 1906 'Italicae

245 1926 393 2024 legionis
419 1927 544 2000 virtute
568 1926 718 2000 deterriti
744 1926 843 2000 sunt:
873 1954 912 2000 ea
938 1927 1055 1999 stridis
1078 1951 1216 2000 mucro·

248 2043 363 2135 nibus,
383 2045 492 2118 redire
516 2045 643 2142 pulsos,
671 2052 704 2119 ἃ
724 2072 877 2143 pugnam
896 2044 1062 2117 resumere
1088 2045 1216 2143 co'e'git.

244 2160 414 2260 Dispofita
429 2163 691 2237 Vitellianarum
708 2165 886 2262 legionum
914 2163 1018 2256 acies,
1051 2166 1119 2234 fine
1148 2183 1215 2235 tre·

246 2281 446 2379 pidatione:
484 2282 626 2372 etenim,
654 2310 867 2381 quamquam
885 2283 1000 2356 vicino
1028 2281 1139 2371 hoste,
1165 2280 1215 2355 as·

246 2403 365 2498 pedus
400 2427 575 2474 armorum
613 2403 722 2475 densis
755 2401 899 2476 arbustis
939 2402 1214 2498 prohibebatur:

245 2521 340 2617 apud
366 2521 598 2609 Othonianos,
637 2520 754 2616 pavidi
786 2523 904 2609 duces,
937 2521 1036 2593 miles
1068 2521 1217 2594 ducibus
1329 2608 1333 2619 1

246 2636 407 2727 infensus,
445 2640 556 2712 mixta
582 2639 740 2712 vehicula
776 2646 809 2713 ὅτ
839 2639 931 2730 lixae,
974 2641 1007 2711 δι
1038 2639 1218 2736 praeruptis

245 2756 422 2853 utrimque
449 2755 553 2846 foffis,
591 2758 649 2830 via
677 2758 795 2854 quieto
823 2784 964 2856 quoque
991 2757 1123 2855 agmini
1154 2784 1216 2832 an·

244 2873 354 2972 gusta
402 2875 655 2949 Circumsrstere
670 2876 728 2948 alii
752 2882 845 2974 signa
861 2877 932 2966 sua,
960 2900 1114 2974 quaerere
1130 2876 1187 2949 alii
1203 2903 1213 2949 a

243 2992 392 3067 incertus
415 2995 571 3092 undique
590 2997 734 3084 clamor,
765 2995 1035 3082 adcurrentium,
1064 2993 1217 3066 vocitan-

246 3110 361 3185 tium:
391 3115 439 3203 81,
455 3134 494 3185 ut
510 3114 637 3211 cuique
654 3113 808 3204 audacia,
827 3117 883 3186 vel
905 3113 1070 3200 formido,
1097 3110 1132 3183 in
1150 3112 1217 3207 pri·

208 3263 211 3268 ·
246 3255 341 3302 mam
360 3231 610 3327 postremamve
630 3232 740 3305 aciem
768 3234 1054 3329 prorumpebant,
1084 3232 1139 3302 vel
1163 3255 1217 3304 re·

247 3351 472 3423 vehebantur.

293 3468 411 3540 XLII.
437 3472 674 3542 Arrourrns
703 3467 815 3541 subito
832 3489 961 3540 terrore
978 3487 1124 3555 mentes,
1152 3464 1216 3539 fal·

244 3583 318 3656 sum
348 3586 514 3681 gaudium
542 3587 577 3659 in
605 3589 807 3684 languorem
824 3586 937 3677 vertit,
972 3587 1125 3683 repertis,
1158 3586 1219 3683 qui

246 3711 273 3746 “
292 3703 467 3777 descivisse
483 3706 655 3778 aVitellio
668 3706 879 3778 exercitum’'
895 3703 1152 3777 ementirentur.
1185 3706 1219 3777 Is

244 3847 377 3911 rumor,
404 3826 449 3896 ab
465 3824 738 3920 exploratoribus
764 3824 894 3898 Vitellii
914 3822 1093 3919 dispersus,
1120 3850 1164 3896 an
1181 3823 1217 3899 in

246 3939 318 4036 ipsd
334 3940 483 4015 Othonis
499 3963 610 4040 parte,
640 3942 695 4015 seu
713 3943 812 4034 dolo,
840 3942 896 4016 seu
922 3941 1007 4015 forte
1023 3940 1217 4032 surrexerit,

754 4062 770 4131 l
