3000 5144
340 528 387 632 9o
530 531 875 608 C.Conuan11
911 528 1115 609 Tncr'rr

336 708 395 781 nio
412 708 501 781 inter
519 709 627 781 claros
644 707 767 805 magis,
786 706 894 803 quam
911 706 997 779 inter
1013 709 1136 795 bonos,
1156 705 1316 782 Annium

335 828 516 915 Faustum,
544 827 707 923 equestris
735 827 879 915 ordinis,
914 826 974 922 qui
1003 826 1219 923 temporibus
1240 829 1316 900 Ne·

334 946 430 1018 ronis
456 945 644 1017 delationes
680 943 903 1033 sastitaverat,
931 946 975 1017 ad
999 944 1236 1041 cognitionem
1265 945 1316 1021 se·

337 1065 437 1136 nattis
471 1065 626 1136 vocabat.
675 1065 771 1136 Nam
798 1063 929 1152 recens,
953 1065 1076 1137 Galbae
1104 1064 1314 1161 principatu,

339 1182 538 1256 censuerant
556 1202 681 1278 patres,
711 1189 738 1224 “
756 1201 794 1254 ut
811 1180 1046 1254 accusatorum
1071 1181 1178 1255 causae
1196 1184 1315 1257 nosce-

337 1309 365 1344 “
384 1303 536 1375 rentur.'’
584 1303 625 1374 ld
653 1298 990 1389 senatusconsultum,
1019 1300 1112 1371 varie
1130 1299 1312 1397 justarum,

335 1428 383 1512 dt,
411 1441 513 1518 prout
543 1439 678 1516 potens,
703 1420 759 1491 vel
775 1419 874 1514 inops
903 1443 980 1490 reus
1003 1418 1182 1509 inciderat,
1215 1421 1312 1492 insir-

333 1567 433 1615 mum
459 1559 517 1611 aut
544 1538 713 1627 validum,
737 1538 955 1610 retinebatur.
1005 1538 1066 1609 Ad
1089 1540 1163 1611 haec
1188 1560 1313 1613 terrore

335 1664 369 1733 δι
387 1657 525 1758 propria
542 1657 576 1731 vi
592 1655 731 1753 Crispus
747 1657 962 1746 incubuerat,
988 1657 1176 1730 delatorem
1201 1656 1315 1731 fratris

334 1777 382 1852 sui
401 1797 620 1876 pervertere:
645 1797 865 1872 traxeratque
893 1802 1057 1872 magnam
1074 1775 1207 1849 senatits
1234 1803 1313 1874 par·

331 1917 417 1985 tem,
446 1905 528 1970 “ut
549 1894 764 1967 indefensum
789 1895 1035 1969 &inauditum
1064 1894 1146 1967 dedi
1174 1896 1220 1967 ad
1236 1896 1312 1968 exi-

335 2023 363 2059 “
382 2016 493 2088 tium”
535 2015 756 2113 postularent.
817 2015 947 2087 Contra
981 2014 1075 2112 apud
1108 2014 1194 2088 alios
1226 2015 1313 2088 nihil

335 2138 434 2232 aque
460 2161 517 2206 reo
554 2137 724 2230 proderat,
753 2133 861 2228 quam
890 2133 997 2206 nimia
1024 2134 1180 2230 potentia
1208 2159 1312 2208 accu-

332 2252 477 2326 satoris:
509 2259 535 2293 “
563 2252 637 2324 dari
666 2270 817 2348 tempuS,
858 2252 915 2325 edi
946 2252 1104 2342 crimina,
1152 2253 1311 2351 quamvis

333 2380 360 2415 “
379 2369 526 2443 invisum
543 2356 798 2460 ac'nocentem,
824 2397 921 2445 more
943 2391 1060 2446 tamen
1073 2373 1312 2448 audiendum''

329 2489 522 2566 censebant.
573 2492 619 2561 Et
639 2493 780 2563 valuere
796 2490 923 2587 primd,
942 2491 1117 2588 dilataque
1133 2493 1169 2564 in
1182 2517 1311 2588 paucos

269 2647 272 2653 ·
329 2610 403 2682 dies
419 2607 597 2707 cognitio:
634 2635 718 2682 mox
731 2610 913 2683 damnatus
930 2610 976 2683 est
993 2610 1153 2700 Faustus,
1175 2635 1308 2707 nequa·

330 2755 437 2826 quarn
455 2754 496 2801 eo
514 2727 654 2802 adsensu
671 2728 835 2819 civitatis,
866 2754 972 2826 quem
989 2728 1137 2826 pessimis
1157 2729 1312 2802 moribus

329 2869 522 2922 meruerat:
550 2847 680 2946 quippe
697 2847 809 2944 ipsum
826 2847 988 2945 Crispum
1013 2846 1149 2921 easdem
1174 2847 1310 2922 accusa·

328 2969 438 3041 tiones
469 2995 550 3041 curn
575 2966 719 3063 praemio
753 2967 937 3040 exercuisse
970 2965 1216 3040 meminerant:
1243 2993 1310 3043 nec

327 3113 434 3185 poena
457 3086 625 3176 criminis,
653 3085 709 3158 sed
728 3086 819 3158 ultor
834 3086 1045 3182 displicebat.

265 3301 267 3307 Ι
375 3209 442 3279 ΧΙ.
468 3210 594 3279 LAErn
613 3204 750 3278 interim
762 3205 896 3277 Othoni
911 3204 1078 3302 principia
1091 3205 1186 3294 belli,
1205 3205 1309 3279 motis

326 3327 371 3397 ad
389 3325 576 3421 imperium
603 3321 674 3420 ejus
698 3350 717 3396 e
739 3324 913 3397 Dalmatis
941 3325 1187 3421 Pannoniaque
1211 3350 1308 3397 exer-

326 3444 463 3518 citibus.
513 3446 623 3517 Fuere
653 3465 803 3541 quatuor
833 3443 1000 3540 legiones,
1026 3469 1045 3516 e
1074 3443 1200 3540 quibus
1225 3443 1309 3518 bina

324 3563 433 3636 millia
463 3562 657 3658 praemissa:
687 3561 766 3659 ipsae
795 3562 939 3635 modicis
966 3561 1152 3634 intervallis
1184 3560 1306 3659 seque-

324 3685 473 3754 bantur:
504 3679 661 3776 septima,
690 3707 710 3752 a
737 3683 850 3755 Galbs
878 3679 1091 3778 conscripta;
1120 3701 1303 3771 veteranae,

322 3800 519 3887 undecima,
538 3825 577 3870 ac
595 3798 838 3889 tertiadecima,
855 3804 888 3872 δι
904 3799 1075 3896 praecipud
1091 3798 1183 3872 fama
1201 3826 1303 3896 quar-

324 3916 558 4008 tadecumani,
576 3917 762 3991 rebellione
779 3918 960 3993 Britannia:
979 3919 1183 4017 compressa.
1224 3919 1308 3993 Ad-
