3000 5144
437 560 1066 640 Hrsrontxrtuqua.lV.
1163 586 1231 662 279

267 737 384 811 timori
413 740 555 812 obviam
585 739 655 811 iret.
721 741 886 835 Namque
924 742 957 809 &
991 737 1099 808 vidos
1130 759 1228 806 exer·

263 858 349 930 citus
366 860 517 930 clamore
533 859 686 930 lacrimas
702 884 824 929 eorum
839 856 991 951 juvabat.
1035 853 1135 949 Isque
1153 851 1230 924 finis

260 975 317 1047 itta
334 977 400 1048 die.
451 977 573 1048 Paucis
593 977 665 1071 post
682 976 818 1062 diebus,
843 975 1089 1069 adloquentem
1106 969 1229 1043 Domi-

262 1094 393 1166 tianum
422 1096 547 1166 firmati
568 1092 643 1190 jam
672 1096 850 1188 excepsre.
901 1092 1071 1187 Spernunt
1098 1091 1232 1161 oblatos

262 1237 386 1308 agros;
418 1219 445 1254 “
471 1213 629 1284 militiam
658 1218 691 1285 8<
721 1211 911 1307 stipendia”
945 1231 1054 1282 orant.
1113 1211 1233 1279 Preces

264 1352 373 1419 erant,
399 1329 456 1402 sed
475 1331 600 1426 quibus
620 1331 806 1402 contradici
823 1356 892 1401 non
911 1332 1042 1424 pollet:
1075 1327 1179 1423 igitur
1196 1326 1232 1396 in

265 1449 464 1542 praetorium
492 1449 635 1544 accepti.
684 1451 792 1536 Dein,
824 1449 950 1544 quibus
978 1469 1058 1519 aetas
1087 1444 1234 1541 &justa

188 1644 195 1657 .
264 1565 444 1660 stipendia,
483 1567 605 1639 dimisli
631 1594 710 1639 cum
736 1570 877 1653 honore,
911 1566 966 1638 alii
996 1569 1042 1638 ob
1067 1566 1231 1660 culpam3

262 1681 319 1755 sed
346 1685 506 1779 carptim,
532 1712 572 1758 ac
599 1686 748 1784 finguli:
778 1711 848 1782 quo
877 1685 1041 1758 tutillrmo
1067 1683 1233 1771 remedio,

264 1801 442 1874 consensus
459 1805 690 1876 multitudinis
708 1825 921 1877 extenuatur.

264 1972 267 1976 ι
312 1921 682 2012 XLVIICsTmun
709 1926 834 1995 versane
853 1922 1027 2018 pauperie,
1045 1949 1088 1993 an
1105 1923 1157 1995 utl
1180 1921 1233 1993 vi-

263 2040 552 2129 decernundum
579 2040 615 2112 iu
637 2040 766 2130 senatu,
794 2050 820 2084 “
846 2062 883 2113 ut
908 2040 1091 2113 sexcenties
1117 2038 1232 2112 sester-

265 2165 292 2199 “
310 2159 399 2230 tisim
425 2185 445 2230 a
463 2159 600 2254 privatis
619 2182 779 2233 mutuum
796 2160 1041 2256 acciperetur.”
1090 2162 1230 2254 Praepo-

266 2276 409 2374 situsque
438 2277 469 2349 ei
499 2303 588 2350 curae
613 2279 798 2374 Pompeius
824 2280 1004 2350 Silvanus:
1036 2304 1099 2352 nec
1123 2277 1234 2350 multd

264 2396 337 2492 post
353 2399 522 2468 necessitas
538 2397 635 2485 abiit,
666 2401 734 2470 sive
751 2399 871 2470 omissa
888 2397 1066 2471 simulatio
1116 2401 1233 2470 Abro-

267 2515 337 2610 gati
365 2514 459 2602 inde,
489 2517 602 2611 legem
631 2514 760 2588 serente
783 2517 1000 2603 Domitian0,
1030 2516 1235 2606 consulatus,

266 2657 354 2727 quos
365 2633 523 2705 Vitellius
540 2634 692 2706 dederat.
743 2635 927 2730 Funusque
951 2633 1139 2707 censorium
1156 2638 1185 2706 F
1188 2637 1235 2707 la·

265 2750 326 2822 vio
343 2750 470 2823 Sabino
487 2753 657 2824 dudum:
689 2779 815 2849 magna
839 2755 1048 2826 documenta
1071 2753 1234 2826 instabilis
1299 2826 1302 2835 ,

268 2867 429 2957 sortunae,
459 2872 712 2966 summaque&
733 2873 801 2942 ima
819 2869 998 2943 miscentis.

316 2990 482 3059 XLVIII.
508 2992 581 3061 Sua
602 2990 695 3060 idem
713 2976 851 3084 tempus
865 2991 909 3061 L.
926 2990 1014 3078 Piso,
1039 2989 1233 3087 proconsul,

265 3106 486 3178 interficitur:
513 3109 553 3179 effa
569 3109 613 3178 de
625 3109 718 3180 caede
732 3109 837 3204 quiam
851 3108 1018 3179 verissime
1036 3107 1236 3205 expediam,

267 3229 288 3297 fi
313 3251 420 3321 pauca
447 3224 546 3320 supra
572 3226 714 3321 petiero,
744 3228 788 3298 ab
811 3226 907 3298 initio
929 3226 1098 3322 causisque
1114 3227 1236 3298 talium

266 3342 457 3416 facinorum
476 3369 547 3415 non
570 3344 724 3416 absurda.
774 3345 888 3441 Legio
904 3344 940 3416 in
960 3345 1079 3418 Africa
1095 3346 1236 3417 auxilia·

267 3488 350 3558 que,
374 3462 525 3533 tutandis
554 3461 689 3557 imperii
719 3463 858 3553 finibus,
886 3463 1051 3537 subdivo
1074 3463 1235 3561 Augusto

266 3579 480 3676 Tiberioque
498 3580 727 3676 Principibus,
742 3581 934 3677 proconsuli
950 3585 1121 3677 parebant.
1144 3585 1239 3655 Mox

266 3699 370 3771 Caius
381 3696 505 3786 Caesar,
523 3700 682 3771 turbidus
699 3700 817 3787 animi,
829 3726 868 3771 ac
886 3704 942 3773 M.
960 3703 1125 3787 Silanum,
1144 3700 1235 3772 obti-

264 3838 403 3888 nentem
416 3815 583 3906 Africam,
596 3839 763 3906 metuens,
778 3820 924 3891 ablatam
939 3817 1131 3915 proconsuli
1141 3819 1249 3915 legio-

262 3960 359 4026 nem,
374 3935 472 4008 mislo
486 3934 519 4006 in
536 3960 612 4007 eam
625 3961 698 4008 rem
710 3938 823 4033 legato
835 3936 986 4010 tradidit:
1002 3958 1154 4034 aequatus
1164 3938 1250 4012 inter

756 4057 791 4127 T
815 4082 840 4147 4
