2978 5144
249 532 298 620 48
463 520 1050 597 C.Connr·:t11th1rt

254 685 507 774 reverebantur,
525 688 589 759 hos
606 690 728 760 rererst
741 688 924 758 colebant:
943 685 1053 755 hos&
1073 699 1235 777 pratum

253 806 288 875 &
306 801 500 877 consulatus
519 831 641 879 vocate
659 809 751 878 ultro
775 805 1005 877 ridebantur:
1034 801 1070 872 lti
1092 825 1138 872 ne
1162 798 1234 895 pri·

253 920 325 992 vati
342 920 484 1017 quidem
502 927 570 996 stne
580 925 744 1021 potestate
761 944 870 1012 erant,
888 925 970 995 cum
988 927 1021 993 δι
1046 921 1235 1017 populum,

182 1105 188 1113 .
255 1044 289 1117 ἃ
303 1039 457 1114 senatum
468 1043 608 1115 confilio
621 1048 654 1117 δι
666 1043 867 1116 auctoritate
881 1064 1057 1139 regerent:
1078 1038 1235 1136 quinim-

255 1184 318 1232 mo
335 1158 395 1232 fibi
412 1160 471 1256 ipst
490 1161 732 1258 persuaserant,
752 1161 926 1234 neminem
944 1165 1012 1232 stne
1034 1157 1237 1256 eloquentii

257 1296 317 1350 aut
334 1277 475 1375 adsequi
492 1283 586 1377 poffe
601 1282 637 1354 in
653 1281 803 1371 civitate,
829 1303 889 1352 aut
904 1278 991 1353 tueri
1008 1277 1238 1374 conspicuum

258 1401 292 1471 dr
311 1396 522 1472 eminentem
547 1401 687 1473 locum:
713 1426 777 1473 nec
795 1400 937 1487 mitum,
956 1399 1037 1470 cum
1058 1398 1164 1469 etiam
1180 1395 1236 1468 iu·

258 1515 323 1588 triti
339 1516 384 1589 ad
401 1520 572 1614 populum
588 1520 880 1616 producerentur:
900 1518 984 1590 cum
1007 1541 1127 1612 parum
1150 1516 1236 1587 effet

177 1708 182 1716 ,
256 1634 295 1707 in
310 1634 427 1708 senatu
444 1637 593 1710 breviter
614 1636 762 1727 censere,
785 1638 843 1710 nist
869 1636 929 1733 qui
948 1635 1087 1732 ingenio
1106 1639 1137 1707 δι
1157 1635 1233 1706 elo·

257 1756 399 1853 quentia
415 1754 615 1830 sententiam
631 1754 726 1829 suam
740 1775 910 1828 tueretur:
930 1755 1013 1827 cum
1030 1755 1065 1824 in
1079 1752 1235 1848 aliquam

258 1873 432 1948 invidiam
457 1895 517 1949 aut
540 1877 673 1950 crimen
689 1875 818 1965 vocati,
846 1872 902 1946 sua
920 1897 1006 1946 voce
1024 1868 1237 1966 respondeu-

257 1995 348 2067 dum
367 1995 550 2085 haberent,
567 1997 648 2068 clun
665 1995 858 2068 testimonia
875 2017 1017 2090 quoque
1036 1990 1070 2062 in
1087 1989 1237 2087 publicis

259 2139 330 2186 non
347 2110 511 2201 absentes,
529 2138 593 2185 nec
610 2139 671 2210 per
693 2115 855 2186 tabellam
871 2114 965 2202 dare,
982 2109 1039 2183 sed
1057 2110 1175 2182 coram
1200 2112 1235 2181 δι

198 2251 204 2260 ’
258 2232 437 2330 praesentes
464 2230 577 2304 dicere
601 2251 816 2327 cogerentur.
865 2234 919 2304 lta
940 2231 984 2303 ad
1005 2228 1138 2302 summa
1161 2229 1234 2299 elo-

258 2349 406 2446 quentiae
424 2347 564 2444 praemia
581 2374 707 2446 magna
724 2349 827 2421 etiam
846 2353 1017 2422 neceffitas
1032 2349 1235 2437 accedebat,

260 2471 294 2540 δι
309 2467 507 2541 commoda.
557 2465 729 2539 Disertum
746 2468 878 2558 haberi,
904 2470 1091 2564 pulchrum
1106 2472 1138 2538 δι
1156 2467 1235 2563 glo·

259 2585 410 2660 tioium:
443 2581 500 2657 sed
533 2586 651 2659 contra
675 2607 814 2660 mutum
842 2592 875 2659 ὅτ
910 2586 1086 2683 elinguem
1108 2583 1233 2675 videri,

259 2704 416 2779 deforme
445 2706 646 2778 habebatur.
711 2709 807 2802 Ergo
840 2732 911 2778 non
944 2705 1060 2777 minus
1093 2707 1233 2792 mbore‚

261 2827 367 2923 quam
386 2824 532 2922 praemiis
543 2824 825 2898 stimulabantur:
842 2850 885 2897 ne
903 2824 1139 2898 clientelarum
1152 2824 1234 2895 loeo

259 2943 386 3041 potius,
423 2945 528 3040 quam
547 2938 769 3040 patronorum
791 2963 1070 3017 numerarentur:
1100 2967 1143 3013 ne
1165 2962 1233 3012 tra-

259 3063 340 3136 ditae
356 3089 376 3134 a
393 3061 579 3159 majoribus
603 3063 858 3136 neceffitudines
875 3064 919 3133 ad
936 3062 1019 3133 alios
1035 3064 1230 3132 tranfirent:

259 3209 304 3255 ne
319 3202 498 3278 tamquam
523 3182 658 3271 inertes,
684 3187 717 3255 a
743 3208 813 3254 non
834 3180 1004 3254 suffecturi
1028 3178 1231 3268 honoribus,

259 3323 317 3375 aut
330 3327 399 3373 non
411 3300 643 3395 impetrarent,
657 3320 715 3373 aut
732 3300 930 3397 impetratos
944 3298 1033 3371 male
1046 3317 1231 3370 tuerentur.

307 3421 495 3496 XXXVII.
514 3422 661 3494 Nascro
681 3446 724 3492 an
742 3420 894 3492 venerint
911 3419 946 3489 in
964 3443 1085 3490 manus
1102 3417 1231 3490 vestras

260 3548 334 3618 haec
352 3562 479 3627 vetera,
503 3564 580 3635 quae
599 3543 629 3611 δι
650 3540 683 3611 in
700 3539 920 3634 antiquorum
938 3535 1153 3608 bibliothecis
1168 3536 1228 3606 ad·

260 3668 329 3738 huc
353 3676 506 3745 manent,
533 3658 569 3728 δε
586 3659 668 3730 clim
692 3657 844 3730 maxime
866 3683 887 3728 a
910 3653 1080 3728 Muciano
1097 3674 1227 3725 contra-

259 3787 410 3856 huntur:
437 3802 476 3849 ac
498 3774 573 3873 jam
590 3777 766 3865 undecim,
791 3796 827 3848 ut
844 3774 980 3871 opinor,
1001 3775 1166 3846 Actorum
1184 3768 1226 3840 li-

262 3901 346 3991 bris,
381 3901 414 3970 &
445 3895 553 3970 tribus
584 3896 819 3995 Epistularum
851 3896 1050 3992 composita,
1078 3890 1115 3963 δι
1137 3887 1230 3965 editt
