3000 5144
999 537 1132 608 .81

150 702 362 812 ficiscitur,
389 701 637 814 pecunisffqne,
663 702 748 784 belli
757 703 875 785 civilis
887 733 1030 800 nervos,
1046 733 1132 785 con·
1277 728 1281 741 ⁶

166 835 294 944 quirit.
352 835 562 915 LXXXV.
595 837 753 941 Mosscae
771 863 815 915 ac
834 838 1053 915 Pannonicae
1079 838 1133 916 l-

163 966 298 1073 giones,
324 964 362 1045 in
382 982 510 1074 partes
536 966 779 1074 trarffigreffae,
801 966 1050 1048 Dalmaticum
1063 965 1134 1046 nsi-

166 1097 264 1176 litem
287 1096 456 1178 trabunt.
524 1098 626 1177 Belli
641 1098 752 1205 fatu
775 1098 958 1177 Antonius
986 1098 1136 1178 Primus

165 1228 208 1305 (ὅ
241 1228 426 1308 Cornelius
457 1229 609 1334 Fuscus.
678 1226 928 1307 LXXXVII.
959 1229 1133 1321 Vitellius,

166 1357 206 1436 in
219 1357 291 1437 dies
303 1358 453 1465 segnior
471 1357 750 1467 corruptiorque,
777 1357 896 1464 gravi
921 1384 966 1437 ac
989 1359 1134 1438 luxuri-

166 1508 251 1567 ante
267 1488 408 1594 agmine
426 1491 549 1569 Roma
573 1488 803 1599 propinquat.
860 1490 1133 1571 LXXXVIII.

169 1620 253 1725 Post
270 1621 419 1701 militurn
431 1620 605 1732 plebisque
618 1619 742 1714 coedes,
758 1617 901 1712 Urbem,
921 1637 963 1698 nt
980 1635 1135 1730 captam,

167 1750 385 1857 ingreditur.
461 1755 549 1832 XC.
581 1749 821 1858 Mognfficasn
872 1749 913 1829 de
951 1750 1136 1861 fimettpso
1263 1764 1266 1771 '

167 1880 357 1962 orationem
393 1882 512 1962 babet.
587 1882 700 1962 XCI.
739 1881 907 1964 Humani
954 1881 1136 1991 divinique

155 2011 260 2118 juris
284 2029 420 2124 expers,
441 2012 603 2122 quadarn
621 2031 738 2094 tarnen
754 2012 945 2125 popularia
973 2016 1136 2125 sestsrpat.

166 2143 294 2225 XCII.
326 2144 462 2224 Munia
478 2143 619 2255 imperii
636 2145 784 2225 Casina
815 2146 858 2224 &
893 2146 1021 2223 Valens
1056 2147 1137 2225 obe-

168 2295 250 2357 unt.
307 2275 456 2356 XCIII.
477 2275 617 2356 Militis
644 2274 682 2354 in
709 2274 804 2362 Urbe
821 2274 943 2370 otiurn,
964 2262 1137 2371 libidines,

169 2404 283 2485 rnorbi
297 2433 342 2487 ac
359 2425 500 2488 mortes.
557 2405 736 2487 Sexdecirn
760 2407 949 2517 pratorise
968 2407 1136 2501 cobortes,

169 2555 321 2646 quatuor
358 2537 517 2617 Urbana
538 2537 772 2646 scribuntur.
846 2538 998 2618 XCIV.
1034 2541 1136 2647 Irffo-

170 2670 280 2749 lentia
315 2669 450 2761 militis,
489 2671 532 2748 &
558 2668 741 2775 paucitas.
814 2667 938 2779 Inopia
950 2670 1066 2773 strnul
1094 2672 1137 2750 ὅθ

160 2800 389 2912 prodigentia
440 2800 586 2881 Vitellii.
645 2799 814 2906 Astatici,
862 2800 996 2894 liberti,
1050 2819 1138 2912 opes.

175 2930 283 3012 Urbis
316 2933 367 3010 mi
379 2930 469 3010 eria.
526 2934 661 3012 XCV.
695 2931 843 3037 Ingenti
870 2949 987 3011 tamen
997 2948 1138 3042 paratu

175 3062 312 3144 Vitellii
345 3063 415 3142 dies
445 3063 577 3142 natalis
615 3063 839 3142 celebratur:
891 3062 962 3170 ipst
1000 3062 1143 3142 Neroni

171 3195 320 3304 irfferias
336 3195 457 3301 facit.
513 3197 664 3275 XCVI.
706 3194 902 3273 Nuntiata
939 3193 1138 3301 defi’llionis

174 3327 370 3408 Flaviana
412 3355 568 3405 rumores
603 3324 693 3404 mali
742 3326 889 3405 co'e'rcet.
971 3326 1140 3407 XCVII.

175 3458 312 3539 Excita
329 3475 445 3536 tarnen
463 3457 613 3551 auxilia,
637 3456 710 3566 sed
724 3457 898 3560 necessitas
916 3436 1137 3559 dffnsulata.

174 3590 328 3670 XCIX.
379 3588 667 3698 Inrumpuntibus
705 3587 867 3693 hostibus,
911 3586 1059 3665 Concessa
1093 3586 1146 3665 ad
1279 3598 1285 3609 '

174 3721 299 3801 bellurn
323 3719 581 3830 proemittitur.
653 3721 700 3800 C.
747 3724 806 3801 At
831 3721 860 3799 is
894 3748 971 3800 cum
1001 3718 1140 3800 Lucilio

619 3852 654 3921 G
