3000 5144
473 510 864 585 Hrsronranunr
900 514 1009 586 Lrn.
1045 515 1107 586 lV.
1182 540 1249 614 307

1227 691 1249 719 ’ἲ

276 681 366 754 “ris
386 685 439 773 fit,
467 686 605 782 Belgas,
631 683 746 759 secum
769 689 897 783 palam,
922 707 979 760 aur
1003 708 1087 760 voto
1112 688 1220 761 stare:

273 802 387 873 Tutor
430 809 457 844 “
487 803 703 877 cunctatione
736 806 883 879 crescere
916 832 990 879 rem
1024 808 1235 879 Romanam’

273 920 477 1011 affirmabat,
519 926 546 963 “
581 923 788 996 cofiuntibus
829 925 985 1021 undique
1028 924 1246 997 exercitibus.

274 1045 301 1080 “
318 1039 565 1114 Transvestam
594 1069 614 1114 e
639 1043 812 1115 Britannis
830 1044 1027 1139 legionem3
1053 1042 1176 1114 accitas
1201 1068 1246 1115 ex

274 1165 302 1200 “
321 1158 515 1255 Hispanid;
557 1162 744 1234 adventare
771 1187 815 1233 ex
843 1161 965 1234 ltalia:
1003 1186 1066 1235 nec
1096 1159 1245 1234 subitum

272 1284 300 1320 “
319 1278 482 1367 militem,
501 1279 558 1351 sed
572 1301 739 1368 veterem,
753 1301 1004 1377 expertumque
1019 1278 1112 1353 belli.
1147 1280 1243 1351 Nam

272 1404 299 1440 “
317 1400 524 1487 Germanos,
554 1397 614 1493 qui
636 1401 681 1470 ab
708 1399 784 1494 ipsrs
808 1399 993 1493 sperentur,
1025 1424 1096 1469 non
1115 1394 1243 1493 juberi,

272 1523 300 1558 “
317 1543 388 1588 non
406 1517 493 1614 regi,
521 1515 578 1588 sed
606 1517 731 1589 cunda
748 1541 792 1587 ex
814 1515 954 1588 libidine
971 1542 1083 1613 agere.
1132 1518 1243 1588 Pecu·

272 1641 301 1680 “
320 1634 497 1732 uiamque,
533 1660 573 1707 ac
606 1635 712 1723 dona,
752 1636 830 1730 quis
859 1633 937 1707 solis
967 1654 1241 1729 corrumpantur,

271 1753 446 1850 “majora
473 1755 568 1850 apud
597 1758 798 1826 Romanos:
827 1757 860 1825 δι
890 1755 1063 1826 neminem
1090 1753 1177 1826 adeo
1205 1755 1241 1826 in

271 1880 410 1946 “arma
433 1898 599 1970 pronum,
637 1893 674 1945 ut
707 1898 777 1943 non
805 1872 898 1945 idem
927 1873 1073 1968 pretium
1102 1872 1239 1969 quietis,

270 1999 299 2035 “
318 1993 426 2089 quam
454 1991 611 2089 periculi,
640 1991 763 2064 malit:
795 1989 890 2087 quod
913 1991 1065 2065 sistatim
1092 2018 1239 2089 congre·

269 2119 296 2154 “
313 2111 464 2199 diantur,
505 2113 615 2183 nullas
647 2112 715 2182 effe
745 2109 883 2198 Ceriali,
919 2109 978 2183 nisi
1011 2135 1055 2182 ex
1089 2112 1240 2208 reliquiis

269 2230 512 2303 “Germanici
542 2229 724 2319 exercitsrs,
750 2228 915 2326 legiones,
942 2227 1132 2303 soederibus
1153 2233 1238 2303 Gal·
1267 2314 1270 2321 ¹

268 2355 295 2391 ‘⁸
313 2349 435 2422 liarum
464 2349 654 2421 obstridlas.
704 2350 815 2444 quue
842 2346 967 2443 ipsum,
997 2346 1094 2445 quod
1119 2348 1239 2421 incon·

267 2472 294 2508 “
312 2466 419 2540 ditam
453 2494 564 2565 nuper
603 2466 775 2539 Valentini
814 2492 958 2538 manum
989 2487 1107 2539 contra
1143 2467 1239 2563 spem

267 2584 406 2658 “suam
433 2585 598 2675 fuderint,
627 2586 831 2659 alimentum
856 2584 923 2656 illis
951 2586 1102 2682 ducique
1129 2607 1237 2660 teme·

267 2711 295 2746 “
312 2704 427 2777 ritatis.
478 2705 629 2778 Ausuros
653 2703 775 2791 rursus,
793 2703 1022 2799 venturosque
1043 2704 1077 2775 in
1100 2731 1235 2795 manus,

265 2830 291 2866 “
309 2848 381 2896 non
406 2823 557 2920 imperiti
574 2822 830 2911 adolescentuli,
856 2824 963 2893 verba
986 2825 1019 2893 δι
1036 2824 1235 2913 conciones,

266 2947 293 2986 “
310 2944 418 3040 quam
435 2941 566 3015 ferrum
592 2948 626 3014 δι
642 2967 737 3014 arma
753 2940 960 3028 meditantis,
985 2939 1042 3012 sed
1065 2940 1184 3014 Civilis
1202 2946 1236 3015 dt

265 3069 291 3106 “
309 3063 465 3136 Classici:
493 3088 580 3159 quos
596 3061 656 3136 ubi
673 3061 880 3158 aspexerint,
908 3061 1092 3134 redituram
1109 3061 1144 3132 in
1161 3061 1234 3132 ani·

265 3188 293 3223 “
312 3209 387 3254 mos
404 3180 641 3266 formidinem,
659 3181 796 3279 sugam,
814 3181 1026 3278 famemque,
1053 3204 1092 3251 ac
1110 3178 1234 3252 totiens

264 3301 417 3396 “captis
445 3302 632 3397 precariam
660 3303 789 3393 vitam:
825 3325 938 3397 neque
961 3303 1147 3387 Treveros,
1174 3318 1234 3370 aut

263 3419 489 3518 “Lingonas
513 3421 752 3494 benevolentia
780 3419 968 3493 contineri:
1002 3417 1235 3514 resumpturos

262 3545 289 3580 “
307 3563 418 3627 arma,
441 3539 503 3611 ubi
516 3561 625 3612 metus
643 3539 866 3612 abscefferit.’'
915 3538 1064 3612 Diremit
1077 3537 1232 3610 consilio-

259 3681 338 3730 rum
371 3659 613 3747 diversitatem,
654 3660 843 3755 adprobata
876 3657 1018 3730 Tutoris
1052 3655 1229 3745 sententis,

261 3777 436 3869 Clallicus,
459 3778 641 3876 statimque
659 3775 902 3873 exsequuntur.

717 3899 752 3969 X
779 3921 800 3967 a

1238 807 1248 837 2
