3000 5144
432 526 834 601 H1sron1nnuru
871 525 981 599 Lrn.
1015 522 1061 598 11.
1174 545 1240 620 ¹45

260 698 354 788 euti;
383 699 566 775 rarissimus
589 700 734 799 quisque
761 701 921 774 eamdem
945 700 980 772 in
1013 698 1240 796 reciperando

261 819 433 896 licentiam
450 821 656 894 habuerunt.

308 940 501 1013 LXXXV.
539 944 816 1012 Aucstannrn
858 937 999 1011 interim
1039 935 1238 1034 Vespasiani

259 1077 389 1155 coepta,
407 1057 533 1152 lllyrici
559 1058 728 1131 exercitsts
748 1056 875 1146 studio,
901 1055 1091 1155 transgresfi
1106 1056 1143 1128 in
1159 1081 1240 1152 par·

262 1195 325 1249 tes.
373 1175 495 1248 Tertia
523 1176 618 1274 legio
642 1179 847 1274 exemplum
872 1176 991 1249 ceteris
1012 1178 1150 1251 Moefiae
1190 1176 1238 1246 le-

262 1293 426 1391 gionibus
444 1295 602 1391 praebuit.
651 1298 785 1369 Odava
809 1316 880 1369 erat
905 1321 945 1368 ac
972 1294 1117 1392 septima
1132 1295 1239 1367 Clau·

262 1413 377 1503 dana,
407 1413 550 1487 imbutae
577 1411 695 1487 favore
722 1415 886 1506 Othonis,
917 1413 1079 1512 quamvis
1112 1414 1239 1511 proelio

264 1557 335 1605 non
351 1529 599 1604 interfuissent:
624 1533 824 1631 Aquileiam
841 1536 1037 1634 progressae,
1057 1537 1241 1631 proturba·

263 1649 320 1740 tis,
346 1650 408 1748 qui
430 1651 476 1723 de
491 1652 632 1724 Othone
653 1650 871 1743 nuntiabant,
894 1654 1113 1753 laceratisque
1130 1655 1241 1726 vexil-

264 1767 319 1858 lis,
347 1794 477 1842 nomen
502 1771 624 1844 Vitellii
645 1770 917 1868 praeserentibus,
942 1776 1038 1871 rapt&
1062 1772 1240 1872 postremo

264 1887 423 1985 pecunid,
436 1895 469 1963 ἃ
488 1889 576 1964 inter
588 1889 620 1963 se
637 1890 761 1980 divisa,
780 1890 946 1965 hostiliter
958 1911 1109 1990 egerant.
1159 1895 1239 1966 Un-

262 2007 307 2080 de
323 2027 449 2097 metus,
477 2014 510 2082 ὅτ
537 2035 581 2082 ex
606 2031 702 2082 metu
727 2009 931 2083 confilium:
960 2017 989 2054 “
1008 2014 1103 2109 posse
1124 2009 1241 2109 impu·

264 2132 293 2169 “
309 2126 372 2200 tari
389 2125 607 2224 Vespafian0,
635 2155 714 2226 quae
737 2131 832 2225 apud
849 2130 1031 2204 Vitellium
1048 2131 1242 2206 excusanda

265 2252 292 2288 “
309 2251 441 2320 erant.’'
490 2250 543 2320 Ita
565 2268 631 2321 tres
649 2251 806 2322 Moesrcae
829 2249 982 2348 legiones
1007 2275 1067 2348 per
1082 2251 1242 2349 epistolas

263 2364 460 2441 alliciebant
482 2366 724 2440 Pannonicum
748 2368 954 2458 exercitum,
984 2390 1044 2442 aut
1074 2370 1242 2444 abnuenti

261 2484 337 2561 vim
360 2487 539 2583 parabant.
588 2486 630 2557 In
653 2512 695 2560 eo
718 2508 816 2560 motu
835 2488 998 2585 Aponius
1021 2490 1238 2580 Saturninus,

270 2605 407 2678 Moefiae
426 2606 552 2695 reslor,
571 2608 752 2702 peffimum
769 2605 900 2680 facinus
913 2608 1031 2697 audet,
1047 2608 1147 2681 misso
1163 2635 1244 2681 cen·

263 2725 400 2798 turione
417 2726 461 2797 ad
479 2724 755 2799 interficiendum
771 2726 933 2799 Tertium
957 2728 1149 2821 Julianum,
1167 2727 1243 2824 sep·

262 2843 358 2918 timae
376 2843 520 2941 legionis
538 2845 706 2943 legatum,
732 2848 781 2919 ob
799 2848 997 2935 fimultates,
1014 2847 1141 2944 quibus
1158 2873 1238 2921 cau·

265 2962 337 3037 sam
365 2962 516 3059 partium
549 2965 793 3060 praetendebat.
854 2964 1026 3060 julianus,
1059 2985 1241 3061 comperto

260 3081 469 3171 discrimine,
497 3087 531 3155 δι
564 3083 676 3181 gnaris
704 3084 862 3155 locorum
895 3083 1044 3174 adscitis,
1074 3109 1136 3180 per
1165 3085 1242 3159 avia

263 3203 414 3290 Moesrae,
444 3202 534 3274 ultra
565 3225 725 3276 montem
758 3205 930 3276 Haemum
959 3203 1138 3301 profugit:
1177 3229 1242 3278 nec

264 3319 391 3393 deinde
408 3320 504 3392 civili
522 3322 613 3395 bello
639 3320 807 3411 interfuit,
826 3347 887 3417 per
913 3322 1023 3395 varias
1039 3348 1152 3396 moras
1173 3322 1241 3395 sus·

265 3456 408 3535 ceptum
421 3439 465 3511 ad
483 3438 727 3536 Vespasianum
744 3439 808 3511 iter
825 3441 976 3530 trahens,
1002 3445 1036 3514 &
1050 3466 1096 3514 ex
1112 3440 1240 3514 nuntiis

265 3560 546 3648 cunstabundus,
571 3581 631 3631 aut
648 3584 845 3657 properans.

312 3678 525 3750 LXXXVI.
562 3683 622 3750 As
651 3677 688 3749 in
722 3674 1165 3751 Pannonist'tertiadecima
1193 3680 1242 3752 le·

265 3793 340 3891 gio,
370 3821 411 3870 ac
438 3795 583 3892 septima
610 3796 794 3883 Galbiana,
817 3797 977 3869 dolorem
1000 3796 1156 3894 iramque
1179 3800 1243 3870 Be·

264 3914 443 3991 briacensrs
464 3939 592 4013 pugna
614 3914 813 4003 retinentes,
833 3915 926 3989 haud
944 3917 1146 3990 cundanter
1160 3918 1242 3992 Ves-

773 4034 809 4104 L
