3000 5144
336 555 384 626 94
563 527 1127 604 C.Connen11Tnc1rr

384 704 465 776 XV.
495 704 582 775 Nnc
612 702 801 791 Vitelliani,
836 728 1050 799 quamquam
1082 702 1179 790 vicli,
1210 703 1309 800 quiess

264 915 266 918 Ι
335 823 437 893 vdre:
464 806 580 893 accitis
597 821 744 910 auxiliis,
762 821 917 894 secumm
935 822 1080 910 hostem,
1103 848 1143 894 ac
1160 820 1310 895 successu

335 966 452 1013 rerum
475 938 647 1011 socordius
670 959 831 1035 agentem
857 940 1046 1014 invadunt:
1073 945 1146 1014 caesr
1171 941 1308 1038 vigiles,

336 1079 496 1156 perrupta
525 1059 647 1145 castra,
673 1058 885 1154 trepidatum
907 1062 1001 1155 apud
1029 1085 1149 1133 naves:
1181 1061 1308 1147 donec,

337 1179 464 1251 sidente
482 1176 662 1273 paullatim
689 1197 798 1265 metu,
824 1199 995 1274 occupato
1010 1177 1113 1276 juxti
1137 1180 1225 1251 colle
1247 1181 1308 1251 de-

336 1297 432 1384 fensi,
463 1322 546 1367 mox
570 1295 740 1391 inrupdre.
790 1300 904 1369 Atrox
929 1298 976 1369 ibi
1003 1297 1129 1387 caedes,
1157 1303 1190 1369 ὃ(
1208 1300 1309 1370 Tun·

336 1442 475 1515 grarum
509 1414 703 1487 cohortium
731 1412 893 1510 praefedli,
923 1415 1103 1488 sustentata
1131 1415 1192 1488 diu
1220 1415 1311 1505 acie,

335 1539 411 1608 telis
438 1537 642 1607 obruuntur.
698 1534 756 1604 Ne
778 1534 982 1606 Othonianis
1016 1535 1160 1630 quidem
1192 1535 1309 1608 incru-

336 1675 415 1728 enta
432 1651 574 1723 victoria
591 1649 668 1738 fuir,
687 1677 835 1747 quorum
852 1652 1046 1748 improvide
1064 1652 1205 1744 secutos,
1224 1681 1309 1727 con-

337 1776 418 1847 versa
448 1770 580 1868 equites
612 1770 924 1845 circumvenerunt.
990 1780 1046 1845 Ac
1074 1775 1167 1846 velut
1201 1774 1310 1870 podiis

336 1891 496 1979 induciis,
524 1913 568 1961 ne
589 1888 671 1961 hinc
696 1889 815 1980 claffis,
834 1890 915 1963 inde
938 1916 1043 1988 eques
1067 1891 1213 1965 subitam
1239 1891 1310 1965 for·

335 2012 504 2087 midinem
545 2006 721 2098 inferrent,
756 2009 930 2081 Vitelliani
970 2030 1063 2082 retro
1095 2011 1309 2107 Antipolim,

336 2132 568 2204 Narbonensis
602 2128 726 2200 Galliae
753 2128 996 2225 municipium,
1028 2129 1217 2202 Othoniani
1243 2133 1309 2203 Al-

335 2252 567 2344 bingaunum,
594 2245 762 2319 interioris
775 2247 942 2344 Liguriae,
961 2250 1140 2322 revertere.

383 2369 480 2438 XVI.
497 2368 706 2439 Consrcnru
720 2391 759 2437 ac
776 2366 979 2456 Sardiniam,
991 2368 1186 2465 ceterasque
1202 2395 1309 2465 prox·

334 2486 395 2558 imi
413 2484 516 2557 maris
534 2484 670 2573 insulas,
697 2483 788 2557 fama
803 2485 951 2559 victricis
969 2489 1073 2560 claffis
1094 2488 1130 2559 in
1155 2489 1309 2584 partibus

332 2603 480 2679 Othonis
505 2603 625 2675 tenuit.
675 2605 741 2675 Sed
759 2606 934 2676 Corsicam
957 2606 1066 2701 prope
1083 2607 1219 2679 adflixit
1236 2609 1308 2681 De-

334 2724 429 2799 cumi
455 2723 585 2796 Pacarii
618 2723 849 2820 procuratoris
872 2725 1059 2815 temeritas,
1090 2729 1183 2798 tanta
1213 2729 1309 2800 mole

334 2844 430 2933 belli,
461 2843 545 2915 nihil
575 2843 609 2914 in
643 2841 812 2914 summam
848 2841 1036 2938 profutura,
1070 2844 1130 2939 ipsi
1157 2844 1309 2917 exitiosa.
1370 2909 1374 2917 .

334 2967 513 3059 Namque,
548 2961 696 3039 Othonis
728 2961 835 3049 Odio,
856 2959 978 3056 juvare
1011 2962 1189 3034 Vitellium
1218 2965 1307 3036 Cor·

334 3083 450 3156 sorum
467 3082 595 3155 viribus
619 3079 745 3167 statuit,
768 3079 860 3151 inani
878 3079 1020 3170 auxili0,
1040 3080 1167 3153 etiamsi
1185 3107 1308 3177 prove-

333 3202 443 3274 nisset.
493 3198 629 3272 Vocatis
650 3197 863 3294 principibus
880 3197 1010 3287 insulae,
1028 3201 1208 3272 confilium
1224 3227 1307 3297 ape·

333 3323 399 3393 rit:
432 3327 464 3392 ὃ(
489 3317 723 3392 contradicere
746 3316 860 3405 ausos,
886 3317 1071 3389 Claudium
1096 3318 1306 3409 Phirricum‚

335 3440 558 3511 trierarchum
575 3436 819 3509 liburnicarum
844 3434 891 3506 ibi
916 3436 1073 3525 navium,
1101 3435 1307 3531 Qrinclium

335 3560 493 3644 Certum,
516 3555 669 3651 equitem
687 3560 904 3641 Romanurn,
924 3553 1067 3626 interfici
1077 3553 1196 3649 jubet:
1217 3583 1307 3652 quo.

335 3702 412 3746 rum
431 3695 539 3746 morte
556 3673 720 3762 exterriti,
747 3673 806 3769 qui
823 3673 975 3761 aderant,
1001 3676 1100 3745 simul
1116 3672 1251 3769 ignara,
1272 3679 1306 3747 &

335 3792 434 3861 alieni
463 3794 573 3862 merlis
597 3790 687 3863 socia
719 3789 958 3885 imperitorum
985 3795 1099 3881 turba,
1132 3791 1168 3863 in
1197 3797 1306 3866 verba

334 3906 465 3979 Vitellii
485 3906 652 4003 juravere.
702 3908 769 3982 Sed
793 3907 853 3981 ubi
877 3909 1050 3982 deledum
1074 3935 1175 4009 agere
1196 3913 1305 3984 Paca-
