3000 5144
367 647 413 719 74
539 616 1121 692 CConmrrTncrrr

404 793 612 866 LXXXIX.
636 793 711 864 Sir>
729 793 870 887 vulgus,
895 795 929 863 Ze
958 787 1196 886 magnitudine
1221 786 1326 859 nimil

355 912 597 985 communium
615 937 771 983 cur-nrum
783 935 905 1006 expers
917 911 1079 1006 populus,
1095 907 1214 980 sentire
1230 909 1327 1003 paul-

357 1031 454 1103 latim
471 1030 551 1102 belli
571 1032 673 1116 mala,
701 1033 866 1101 conversi
891 1029 925 1099 in
943 1028 1093 1100 militum
1109 1025 1207 1098 usum
1228 1024 1326 1098 omni

356 1150 515 1246 peronii,
535 1148 671 1220 intentis
686 1148 930 1219 alimentorum
948 1147 1087 1242 pretiis:
1115 1170 1207 1241 quae,
1225 1164 1326 1215 motu

355 1269 528 1356 l'indicis,
563 1269 656 1339 haud
689 1267 831 1362 perinde
859 1269 997 1361 plebem
1028 1264 1240 1350 attriverunt,
1274 1261 1325 1334 se·

354 1392 436 1461 curi
463 1411 540 1459 tum
569 1391 679 1474 l'rbe,
698 1391 732 1457 δε
756 1385 957 1480 provinciali
985 1385 1091 1471 bello,
1116 1384 1212 1479 quod
1236 1381 1324 1453 inter

353 1509 509 1604 legiones
533 1504 727 1601 Galliasque
753 1505 850 1575 velut
875 1525 1057 1575 externum
1085 1502 1159 1574 fuit.
1207 1503 1321 1588 Nam,

351 1653 397 1698 ex
421 1653 493 1722 quo
519 1625 622 1695 dirus
645 1622 823 1720 Augustus
848 1646 900 1693 res
915 1620 1088 1693 Caesarum
1115 1618 1321 1716 composuit,

356 1747 475 1841 procul
493 1748 526 1813 δι
544 1743 580 1813 in
597 1742 697 1814 unius
713 1741 989 1828 sollicitudinem,
1002 1762 1060 1811 aut
1074 1740 1192 1827 decus,
1205 1764 1318 1834 popu-

353 1865 406 1935 lus
433 1866 615 1934 Romanus
641 1862 834 1931 bellare-rat.
882 1860 954 1931 Sub
980 1857 1137 1946 Tiberio,
1165 1861 1199 1928 δι
1220 1857 1321 1948 Caio,

351 1982 486 2051 tantum
501 1979 595 2072 pacis
611 1977 750 2050 adversa
768 1979 991 2074 pertimuere:
1009 1975 1221 2050 Scriboniani
1236 2001 1322 2049 con·

350 2120 404 2170 rra
424 2095 612 2168 Claudium
636 2095 786 2192 incepta,
814 2099 913 2169 fimul
935 2095 1067 2184 audita,
1096 2099 1130 2167 δι
1147 2094 1318 2167 coercita:

349 2218 446 2288 Nero
463 2212 588 2284 nunriis
606 2213 718 2309 magis
734 2219 768 2284 δι
786 2216 996 2304 rumoribus,
1014 2213 1122 2310 quim
1135 2213 1239 2285 armis
1258 2215 1320 2286 de-

349 2332 475 2429 pulsus.
523 2333 620 2402 Tum
646 2332 798 2428 legiones
824 2332 1019 2431 clnffesque,
1053 2337 1087 2405 δι
1117 2334 1213 2431 quod
1244 2333 1321 2404 raro

347 2451 444 2538 alias,
481 2447 701 2544 praerorianus
732 2452 965 2549 Urbanusque
998 2452 1112 2540 miles,
1146 2451 1184 2522 in
1211 2451 1321 2525 aciem

345 2568 498 2639 dedudi.
546 2567 667 2640 Oriens
684 2570 935 2666 Occidensque,
961 2575 993 2642 δι
1012 2569 1181 2666 quidquid
1198 2569 1319 2642 utrim-

346 2712 417 2782 que
433 2686 559 2758 virium
584 2686 632 2757 est
655 2711 675 2756 a
696 2707 815 2784 tergo:
842 2693 865 2760 sr
888 2688 1034 2761 ducibus
1056 2688 1131 2762 aliis
1153 2690 1320 2762 bellarum

346 2803 447 2892 foret,
477 2807 584 2901 longo
610 2806 702 2878 bello
730 2806 882 2878 materia.
931 2809 1056 2895 Fuere,
1078 2807 1139 2903 qui
1167 2805 1318 2903 proficis-

346 2924 437 2995 centi
467 2923 599 2996 Othoni
631 2949 758 3011 moras,
801 2925 1129 3022 “religionemque
1160 2927 1319 2999 nondum

346 3043 614 3115 “conditorum
652 3043 842 3114 ancilium’'
874 3044 1043 3114 afferrent.
1108 3042 1316 3139 Aspematus

345 3160 393 3233 est
411 3185 553 3232 omnem
577 3160 849 3249 cundationem‚
873 3183 911 3234 ut
928 3164 1063 3235 Neroni
1085 3188 1227 3260 quoque
1242 3163 1317 3235 exi·

343 3277 488 3351 tiosam:
515 3285 548 3353 δι
567 3278 720 3368 Caecina,
737 3278 813 3376 jam
831 3283 941 3377 Alpes
958 3279 1189 3378 transgressus,
1214 3280 1316 3354 exsti·

344 3400 510 3470 mulabar.

392 3517 469 3588 XC.
495 3518 638 3589 Pnrom
663 3517 745 3588 Idus
762 3518 921 3608 Martias,
946 3520 1187 3592 commendari
1208 3519 1314 3615 patri·

342 3637 408 3707 bus
432 3635 620 3728 republicfi‚
647 3635 807 3730 reliquias
824 3637 1100 3711 Neronianamm
1124 3637 1315 3711 sedionum

343 3753 502 3824 nondum
525 3752 560 3822 in
588 3752 709 3825 fiscum
727 3753 916 3843 conversas,
947 3755 1113 3828 revocatis
1130 3757 1175 3828 ab
1196 3757 1314 3828 exsilio

343 3873 519 3943 concessit:
544 3868 761 3964 justiffimum
777 3872 925 3962 donum,
945 3878 978 3946 δι
996 3873 1196 3970 inspeciem
1213 3900 1314 3971 mag·

343 3988 501 4079 nificum‚
531 3987 588 4061 sed
612 3987 765 4062 festinati
780 3987 854 4086 jam
879 3991 1015 4088 pridem
1033 3993 1226 4085 exactione,
1251 3992 1314 4067 usu
