3000 5144
376 557 762 630 Hrsronraauru
796 560 904 631 Lis.
934 558 979 633 Il.
1092 580 1157 660 109

190 734 305 831 pontis
333 734 555 808 continerent.
620 735 687 806 Sed
719 761 921 809 ancorarum
953 736 1051 810 funes
1086 763 1157 809 non

188 852 320 925 extenti
338 852 532 944 fluitabant,
550 873 600 943 ut,
619 851 820 951 augescente
837 855 993 944 flumine,
1012 856 1158 928 inoffen-

187 970 241 1044 sus
265 973 352 1044 ordo
376 972 514 1044 navium
539 960 757 1045 att'olleretur.
807 976 999 1047 Claudebat
1016 995 1159 1070 pontem

188 1090 348 1186 imposita
374 1092 486 1180 turris,
523 1093 618 1164 &in
647 1113 837 1165 extremam
867 1118 991 1164 navem
1013 1095 1154 1164 eduua:

187 1212 281 1284 unde
314 1212 490 1283 tormentis
512 1236 552 1283 ac
582 1211 750 1284 machinis
783 1212 892 1284 hostes
921 1211 1156 1308 propulsaren-

189 1348 258 1402 tur.

236 1451 390 1523 XXXV.
431 1455 667 1525 Orrrournm
704 1452 739 1523 in
769 1451 843 1548 rip&
874 1451 994 1524 turrim
1026 1452 1155 1524 struxe-

187 1590 273 1659 rant,
302 1568 450 1666 saxaque
473 1575 506 1642 δι
530 1572 619 1644 faces
639 1570 890 1667 jaculabantur.
942 1572 988 1640 Et
1013 1590 1084 1642 erat
1102 1571 1155 1641 in-

188 1688 260 1761 sula
286 1714 390 1761 amne
413 1689 543 1778 medio,
574 1690 608 1762 in
637 1716 743 1787 quam
777 1690 981 1787 gladiatores
1008 1690 1155 1763 navibus

188 1807 382 1898 molientes,
418 1810 584 1882 Germani
611 1811 728 1882 nando
758 1810 1043 1905 praelabebantur.
1100 1815 1156 1884 Ac

186 1927 274 2000 sorte
300 1928 413 2024 plures
430 1927 658 2026 transgressos,
682 1927 863 2024 completis
885 1927 1070 2016 liburnicis,
1095 1954 1156 2023 per

188 2048 457 2144 promptissimos
501 2047 729 2144 gladiatorum
776 2049 899 2147 Macer
939 2047 1152 2143 adgreditur.

186 2168 254 2240 Sed
276 2193 389 2263 neque
412 2192 452 2239 ea
476 2167 666 2240 constantia
687 2165 932 2264 gladiatoribus
955 2168 997 2239 ad
1018 2168 1154 2263 proelia,

187 2312 266 2383 quae
288 2286 478 2371 militibus3
508 2312 572 2358 nec
601 2285 743 2382 perinde
766 2306 924 2357 nutantes
948 2312 967 2358 e
993 2287 1153 2376 navibus,

186 2408 291 2503 quam
305 2406 416 2479 stabili
434 2407 544 2504 gradu
561 2431 580 2478 e
598 2406 684 2500 ripa,
698 2406 839 2477 vulnera
850 2404 1056 2503 dirigebant.
1108 2410 1155 2479 Et

185 2526 267 2599 ciam
285 2525 383 2599 tariis
405 2524 651 2620 trepidantium
668 2523 959 2613 inclinationibus,
985 2525 1086 2597 mixti
1104 2553 1155 2599 re·
1216 2543 1218 2546 ⁴

186 2645 297 2742 miges
328 2644 666 2741 propugnatoresque
697 2646 925 2732 turbarentur,
957 2644 1087 2717 desilire
1118 2645 1153 2717 in

185 2767 276 2840 vada
300 2766 390 2837 ultro
419 2762 597 2851 Germani,
630 2781 797 2834 retentare
819 2788 965 2858 puppes,
996 2761 1153 2837 scandere

186 2883 292 2973 soros,
313 2904 371 2956 aut
389 2883 545 2954 cominus
562 2907 733 2978 mergere:
759 2906 836 2978 quae
853 2884 976 2954 cunsla
992 2882 1028 2953 in
1045 2885 1153 2957 oculis

184 3005 361 3100 utriusque
400 3001 581 3088 exercitiis,
625 3000 754 3095 quanti)
786 3000 914 3072 latiora
948 3000 1150 3091 Vitellianis,

186 3124 282 3196 tanto
298 3120 407 3196 actius
422 3118 609 3193 Othoniani
628 3117 762 3190 causam
782 3123 1027 3216 ausloremque
1044 3120 1150 3193 cladis

183 3243 448 3316 detestabantur.

231 3364 402 3436 XXXVI.
433 3365 488 3433 Er
519 3349 683 3455 proelium
707 3359 865 3456 quidem,
890 3359 1044 3456 abruptis
1071 3387 1150 3457 quae

184 3481 380 3578 supererant
408 3479 567 3567 navibus,
594 3478 677 3576 suglt
702 3478 934 3573 diremptum:
960 3480 1083 3551 Macer
1105 3480 1150 3552 ad

184 3602 327 3674 exitium
353 3600 563 3695 poscebatur.
612 3601 763 3693 Jamque
779 3597 997 3670 vulneratum
1015 3598 1150 3673 eminus

185 3721 314 3807 lancerl,
335 3717 457 3789 stridis
484 3717 605 3815 gladiis
632 3717 832 3803 invaserant,
852 3717 932 3788 curn
960 3717 1148 3792 intercursu

184 3839 403 3911 tribunorum
454 3836 762 3932 centurionumque
804 3835 1005 3932 protegitur.
1070 3841 1149 3913 Nec

181 3957 295 4034 multo
321 3956 408 4058 post,
440 3954 623 4030 Vestricius
654 3955 838 4053 Spurinna,
864 3952 958 4052 jussu
986 3959 1147 4052 Othonis,
