3000 5144
451 544 843 619 Histoniaiiuii
874 542 983 616 Lin.
1017 543 1062 617 ll.
1165 567 1231 640 143

309 720 501 793 LXXXII.
518 722 655 792 Putitii
674 719 755 792 belli
768 745 862 808 cura,
876 744 977 816 agere
988 720 1162 804 deleelus;
1181 743 1231 790 ie·

261 864 385 914 vocare
400 859 597 912 veteranos:
611 838 820 912 destinantur
834 840 958 912 validae
971 839 1125 911 civitates
1136 861 1234 911 exei-

259 960 379 1034 cendis
394 983 569 1031 armorum
585 958 755 1031 officinis:
775 960 869 1056 apud
888 955 1150 1046 Antiochenses,
1170 981 1232 1029 au·

261 1104 342 1152 rum
359 1095 614 1176 argentumque
627 1081 794 1175 figuntur:
814 1103 924 1175 eaque
936 1079 1061 1150 cuneta
1078 1102 1138 1172 pei
1155 1075 1230 1149 ido·

261 1224 344 1271 neos
373 1195 556 1286 ministios,
586 1196 651 1269 suis
678 1221 828 1294 quaeque
854 1196 952 1284 locis,
979 1194 1232 1269 festinabamus.

265 1316 342 1414 lpse
357 1315 591 1412 Vespasianus,
610 1316 717 1404 adire,
736 1316 880 1401 hortaii3
899 1318 1010 1387 bonos
1028 1316 1142 1405 laude,
1160 1312 1235 1411 seg·

261 1461 321 1511 nes
336 1437 515 1534 exemplo,
533 1435 678 1508 incitare
690 1435 822 1532 saepius,
837 1428 945 1531 quam
957 1440 1133 1508 coarcere:
1153 1433 1236 1506 vitia

262 1557 372 1655 magis
382 1555 711 1652 amicorum,quiim
728 1555 867 1627 virtutes
879 1555 1099 1627 dissimulans.
1135 1555 1235 1627 Mul·

261 1694 314 1749 tos
331 1674 539 1772 piaese&uris
555 1676 589 1745 δι
607 1674 923 1770 procurationibus,
948 1673 1125 1771 plerosque
1141 1673 1235 1746 sena·

260 1795 341 1868 torii
366 1794 497 1869 ordinis
523 1797 655 1866 honore
681 1794 861 1891 percoluit,
889 1793 1046 1892 egregios
1072 1793 1175 1884 viros,
1202 1798 1236 1867 δι

263 1940 348 1989 mox
380 1914 514 1987 summa
547 1916 716 2011 adeptos:
750 1913 970 2011 quibusdam,
1002 1911 1139 1986 fortuna
1173 1938 1236 2010 pio

265 2034 452 2108 virtutibus
481 2034 555 2107 fuit.
622 2034 838 2106 Donativum
865 2033 978 2124 militi,
1013 2059 1126 2129 neque
1149 2036 1238 2118 Mur

263 2155 380 2228 cianus
398 2154 508 2251 prima
531 2153 711 2243 concione,
728 2153 787 2226 nisi
805 2152 941 2226 modice
957 2152 1166 2239 ostenderat3
1193 2178 1238 2227 ne

262 2273 482 2372 Vespasianus
495 2273 653 2372 quidem,
669 2275 746 2370 plus
761 2272 855 2346 civili
873 2274 965 2346 bello
976 2273 1114 2362 obtulit,
1129 2273 1238 2370 quam

263 2396 321 2468 alii
339 2395 375 2467 in
394 2418 491 2492 pace,
508 2392 646 2491 egregie
664 2396 783 2467 firmus
798 2393 959 2466 adversus
977 2393 1156 2466 militarem
1173 2396 1238 2466 lar·

265 2515 446 2614 gitionem,
475 2515 587 2610 eoque
602 2513 757 2587 exercitu
781 2514 933 2586 meliore.
983 2514 1076 2586 Milli
1094 2517 1138 2589 ad
1153 2517 1238 2587 Par·

264 2638 365 2709 thum
383 2633 658 2730 Armeniumque
677 2633 795 2731 legati,
821 2631 1081 2730 provisumque,
1101 2657 1143 2704 ne
1159 2657 1237 2706 ver-

264 2758 306 2828 sis
322 2755 367 2826 ad
391 2753 495 2827 civile
513 2754 645 2825 belluni
662 2752 870 2850 legionibus,
896 2772 993 2850 teiga
1014 2753 1237 2824 nudarentur.

264 2874 390 2947 Titum
412 2873 532 2945 instare
550 2874 693 2966 Judaeae,
712 2871 954 2968 Vespasianum
971 2870 1127 2943 obtinere
1143 2872 1238 2942 clau-

264 2993 331 3065 stra
344 2991 493 3090 AEgypti
512 2992 659 3087 placuit:
687 2990 837 3064 sufficere
855 2990 1060 3064 videbantur
1076 2991 1239 3062 adversus

266 3111 461 3199 Vitellium,
490 3136 566 3208 pais
591 3110 785 3207 copiarum,
811 3115 845 3183 ἃ
873 3112 950 3183 dux
976 3109 1177 3200 Mucianus,
1204 3114 1238 3184 δι

267 3230 460 3327 Vespafiani
491 3255 634 3320 nomen,
669 3255 710 3302 ac
744 3230 828 3302 nihil
856 3231 1002 3303 arduum
1028 3228 1115 3302 satis.
1179 3230 1240 3301 nd

266 3375 389 3422 omnes
406 3349 574 3423 exercitiis
599 3348 795 3446 legatosque
819 3348 949 3446 scriptae
971 3349 1134 3446 epistolae,
1154 3374 1239 3444 piae-

266 3490 493 3566 ceptumque,
529 3477 557 3510 “
584 3489 622 3542 ut
648 3468 883 3565 preterimus,
912 3467 1050 3541 Vitellio
1079 3466 1238 3558 infensos,

268 3595 298 3632 ‘¹
315 3589 547 3686 recipemndae
572 3588 701 3661 militiae
724 3586 868 3684 piaemio
886 3587 1104 3660 invitarent.'’

314 3710 525 3783 LXXXlll.
562 3709 785 3780 Mucianus
816 3732 898 3780 cum
931 3706 1092 3802 expediti
1118 3732 1239 3797 manu,

266 3826 396 3902 &ium
413 3828 526 3926 magis
539 3827 686 3926 impedi,
701 3828 806 3925 quim
825 3826 1015 3899 ministrum
1028 3851 1149 3924 agens,
1168 3853 1240 3900 non

268 3948 363 4021 lento
385 3948 516 4040 itinere,
546 3974 588 4022 ne
612 3947 766 4023 cunclan'
779 3947 967 4037 videretur,
995 3970 1107 4044 neque
1122 3965 1240 4020 tamen
